<?xml version="1.0" encoding="UTF-8"?>
<!DOCTYPE html PUBLIC "-//W3C//DTD XHTML 1.0 Transitional//EN"
    "http://www.w3.org/TR/xhtml1/DTD/xhtml1-transitional.dtd">
<html xmlns="http://www.w3.org/1999/xhtml" xml:lang="en" lang="en">
 <head>
  <title>
</title>
<meta http-equiv="Content-Type" content="text/html;charset=utf-8" />
  <meta name='ocr-system' content='tesseract 3.04.00' />
  <meta name='ocr-capabilities' content='ocr_page ocr_carea ocr_par ocr_line ocrx_word'/>
</head>
<body>
  <div class='ocr_page' id='page_1' title='image "./deproprietatibu00riecgoog_0009.png"; bbox 0 0 3062 4834; ppageno 0'>
   <div class='ocr_carea' id='block_1_1' title="bbox 270 191 728 420">
    <p class='ocr_par' dir='ltr' id='par_1_1' title="bbox 270 191 728 420">
     <span class='ocr_line' id='line_1_1' title="bbox 675 191 681 201; baseline 0 0"><span class='ocrx_word' id='word_1_1' title='bbox 675 191 681 201; x_wconf 66' lang='lat' dir='ltr'><em>D</em></span> 
     </span>
     <span class='ocr_line' id='line_1_2' title="bbox 301 195 683 240; baseline 0.016 -27"><span class='ocrx_word' id='word_1_2' title='bbox 301 196 396 237; x_wconf 37' lang='lat' dir='ltr'>&#39;tau&#39;</span> <span class='ocrx_word' id='word_1_3' title='bbox 487 211 492 227; x_wconf 52' lang='lat' dir='ltr'>g</span> <span class='ocrx_word' id='word_1_4' title='bbox 553 215 584 233; x_wconf 45' lang='grc' dir='ltr'>Δ.</span> <span class='ocrx_word' id='word_1_5' title='bbox 613 195 647 239; x_wconf 46' lang='lat'>⁸:</span> <span class='ocrx_word' id='word_1_6' title='bbox 676 231 683 240; x_wconf 57' lang='grc'><strong>,</strong></span> 
     </span>
     <span class='ocr_line' id='line_1_3' title="bbox 317 233 647 270; baseline 0.021 -7"><span class='ocrx_word' id='word_1_7' title='bbox 317 233 392 269; x_wconf 50' lang='lat' dir='ltr'>oef=</span> <span class='ocrx_word' id='word_1_8' title='bbox 492 247 527 267; x_wconf 67' lang='lat' dir='ltr'>L·</span> <span class='ocrx_word' id='word_1_9' title='bbox 602 239 647 270; x_wconf 65' lang='lat'>&#39;¹0</span> 
     </span>
     <span class='ocr_line' id='line_1_4' title="bbox 358 272 683 302; baseline 0.028 -23"><span class='ocrx_word' id='word_1_10' title='bbox 358 272 363 275; x_wconf 85' lang='lat'><strong>¹</strong></span> <span class='ocrx_word' id='word_1_11' title='bbox 511 275 519 291; x_wconf 56' lang='grc' dir='ltr'><strong><em>ο</em></strong></span> <span class='ocrx_word' id='word_1_12' title='bbox 551 273 555 283; x_wconf 73' lang='grc' dir='ltr'>Ι</span> <span class='ocrx_word' id='word_1_13' title='bbox 586 278 683 302; x_wconf 41' lang='grc' dir='ltr'>ἐμ..</span> 
     </span>
     <span class='ocr_line' id='line_1_5' title="bbox 270 270 656 345; baseline 0.021 -31"><span class='ocrx_word' id='word_1_14' title='bbox 270 270 340 345; x_wconf 59' lang='grc'>4*</span> <span class='ocrx_word' id='word_1_15' title='bbox 371 297 380 314; x_wconf 75' lang='grc' dir='ltr'>ί</span> <span class='ocrx_word' id='word_1_16' title='bbox 467 302 474 313; x_wconf 80' lang='grc'><em>·</em></span> <span class='ocrx_word' id='word_1_17' title='bbox 550 307 558 320; x_wconf 79' lang='grc' dir='ltr'><strong><em>ι</em></strong></span> <span class='ocrx_word' id='word_1_18' title='bbox 612 307 656 328; x_wconf 70' lang='grc' dir='ltr'>ο.</span> 
     </span>
     <span class='ocr_line' id='line_1_6' title="bbox 705 370 713 383; baseline 0 0"><span class='ocrx_word' id='word_1_19' title='bbox 705 370 713 383; x_wconf 77' lang='grc' dir='ltr'>ι</span> 
     </span>
     <span class='ocr_line' id='line_1_7' title="bbox 270 384 728 407; baseline 0.02 -7"><span class='ocrx_word' id='word_1_20' title='bbox 270 387 342 401; x_wconf 68' lang='lat'>-121</span> <span class='ocrx_word' id='word_1_21' title='bbox 375 384 434 400; x_wconf 61' lang='lat'>1¹⁴</span> <span class='ocrx_word' id='word_1_22' title='bbox 465 389 472 403; x_wconf 69' lang='lat' dir='ltr'>a</span> <span class='ocrx_word' id='word_1_23' title='bbox 502 388 535 405; x_wconf 67' lang='lat' dir='ltr'>ur</span> <span class='ocrx_word' id='word_1_24' title='bbox 605 392 657 407; x_wconf 75' lang='grc' dir='ltr'>ιι</span> <span class='ocrx_word' id='word_1_25' title='bbox 722 386 728 399; x_wconf 82' lang='grc'><em>“</em></span> 
     </span>
     <span class='ocr_line' id='line_1_8' title="bbox 278 398 405 420; baseline 0.031 -7"><span class='ocrx_word' id='word_1_26' title='bbox 278 410 281 413; x_wconf 91' lang='grc'>.</span> <span class='ocrx_word' id='word_1_27' title='bbox 361 398 405 420; x_wconf 59' lang='grc' dir='ltr'>οὔ</span> 
     </span>
    </p>
   </div>
   <div class='ocr_carea' id='block_1_2' title="bbox 230 441 1398 1478">
    <p class='ocr_par' dir='ltr' id='par_1_2' title="bbox 230 441 1398 1478">
     <span class='ocr_line' id='line_1_9' title="bbox 248 441 1342 588; baseline 0.027 -55"><span class='ocrx_word' id='word_1_28' title='bbox 248 441 655 560; x_wconf 68' lang='lat' dir='ltr'>&#39;&#39;gralia³&#39;adnriuptltts³at‘</span> <span class='ocrx_word' id='word_1_29' title='bbox 667 479 774 545; x_wconf 82' lang='lat' dir='ltr'>nie&#39;rita</span> <span class='ocrx_word' id='word_1_30' title='bbox 798 484 909 550; x_wconf 78' lang='lat' dir='ltr'>ctritia</span> <span class='ocrx_word' id='word_1_31' title='bbox 931 501 1009 553; x_wconf 89' lang='lat' dir='ltr'>recte</span> <span class='ocrx_word' id='word_1_32' title='bbox 1031 490 1226 581; x_wconf 87' lang='lat' dir='ltr'>diiudicanda,</span> <span class='ocrx_word' id='word_1_33' title='bbox 1250 519 1342 588; x_wconf 87' lang='lat' dir='ltr'>quum</span> 
     </span>
     <span class='ocr_line' id='line_1_10' title="bbox 269 574 1343 664; baseline 0.028 -29"><span class='ocrx_word' id='word_1_34' title='bbox 269 594 331 636; x_wconf 91' lang='lat' dir='ltr'>non</span> <span class='ocrx_word' id='word_1_35' title='bbox 352 575 412 637; x_wconf 89' lang='lat' dir='ltr'>sint</span> <span class='ocrx_word' id='word_1_36' title='bbox 433 574 523 640; x_wconf 91' lang='lat' dir='ltr'>huius</span> <span class='ocrx_word' id='word_1_37' title='bbox 546 577 611 655; x_wconf 90' lang='lat' dir='ltr'>loci,</span> <span class='ocrx_word' id='word_1_38' title='bbox 624 580 681 643; x_wconf 88' lang='lat' dir='ltr'>iarn</span> <span class='ocrx_word' id='word_1_39' title='bbox 704 586 792 647; x_wconf 90' lang='lat' dir='ltr'>missa</span> <span class='ocrx_word' id='word_1_40' title='bbox 815 583 954 653; x_wconf 85' lang='lat' dir='ltr'>faciamus</span> <span class='ocrx_word' id='word_1_41' title='bbox 977 600 1007 654; x_wconf 88' lang='lat' dir='ltr'>et</span> <span class='ocrx_word' id='word_1_42' title='bbox 1022 593 1057 656; x_wconf 87' lang='lat' dir='ltr'>ad</span> <span class='ocrx_word' id='word_1_43' title='bbox 1070 616 1107 658; x_wconf 90' lang='lat' dir='ltr'>ca</span> <span class='ocrx_word' id='word_1_44' title='bbox 1126 596 1187 660; x_wconf 92' lang='lat' dir='ltr'>sola</span> <span class='ocrx_word' id='word_1_45' title='bbox 1211 600 1343 664; x_wconf 86' lang='lat' dir='ltr'>animad-</span> 
     </span>
     <span class='ocr_line' id='line_1_11' title="bbox 267 683 1369 783; baseline 0.029 -48"><span class='ocrx_word' id='word_1_46' title='bbox 267 685 437 752; x_wconf 68' lang='lat' dir='ltr'>vertamus,</span> <span class='ocrx_word' id='word_1_47' title='bbox 461 697 537 764; x_wconf 88' lang='lat' dir='ltr'>quae</span> <span class='ocrx_word' id='word_1_48' title='bbox 559 684 703 746; x_wconf 87' lang='lat' dir='ltr'>sermonis</span> <span class='ocrx_word' id='word_1_49' title='bbox 718 683 871 773; x_wconf 80' lang='lat' dir='ltr'>Euripidci</span> <span class='ocrx_word' id='word_1_50' title='bbox 895 695 1013 777; x_wconf 89' lang='lat' dir='ltr'>propria</span> <span class='ocrx_word' id='word_1_51' title='bbox 1030 699 1158 760; x_wconf 87' lang='lat' dir='ltr'>comicus</span> <span class='ocrx_word' id='word_1_52' title='bbox 1181 697 1252 763; x_wconf 92' lang='lat' dir='ltr'>dicit</span> <span class='ocrx_word' id='word_1_53' title='bbox 1273 724 1344 769; x_wconf 88' lang='lat' dir='ltr'>esse.</span> <span class='ocrx_word' id='word_1_54' title='bbox 1368 780 1369 783; x_wconf 8' lang='grc' dir='ltr'><strong>Ἴ</strong></span> 
     </span>
     <span class='ocr_line' id='line_1_12' title="bbox 270 773 1341 888; baseline 0.028 -50"><span class='ocrx_word' id='word_1_55' title='bbox 270 773 489 859; x_wconf 77' lang='lat' dir='ltr'><strong>Quaerentibus</strong></span> <span class='ocrx_word' id='word_1_56' title='bbox 513 793 610 863; x_wconf 79' lang='lat' dir='ltr'>autern</span> <span class='ocrx_word' id='word_1_57' title='bbox 628 784 718 849; x_wconf 90' lang='lat' dir='ltr'>nobis</span> <span class='ocrx_word' id='word_1_58' title='bbox 738 785 814 852; x_wconf 84' lang='lat' dir='ltr'>duae</span> <span class='ocrx_word' id='word_1_59' title='bbox 829 793 859 853; x_wconf 92' lang='lat' dir='ltr'>ni</span> <span class='ocrx_word' id='word_1_60' title='bbox 883 790 968 855; x_wconf 88' lang='lat' dir='ltr'>lallor</span> <span class='ocrx_word' id='word_1_61' title='bbox 980 815 1027 858; x_wconf 92' lang='lat' dir='ltr'>res</span> <span class='ocrx_word' id='word_1_62' title='bbox 1038 811 1207 877; x_wconf 86' lang='lat' dir='ltr'>occurrunt,</span> <span class='ocrx_word' id='word_1_63' title='bbox 1231 801 1341 888; x_wconf 89' lang='lat' dir='ltr'>quihus</span> 
     </span>
     <span class='ocr_line' id='line_1_13' title="bbox 268 879 1341 971; baseline 0.023 -30"><span class='ocrx_word' id='word_1_64' title='bbox 268 879 398 943; x_wconf 87' lang='lat' dir='ltr'>maximo</span> <span class='ocrx_word' id='word_1_65' title='bbox 432 902 521 966; x_wconf 86' lang='lat' dir='ltr'>opere</span> <span class='ocrx_word' id='word_1_66' title='bbox 553 882 712 971; x_wconf 78' lang='lat' dir='ltr'>Euripides</span> <span class='ocrx_word' id='word_1_67' title='bbox 746 890 840 954; x_wconf 82' lang='lat' dir='ltr'>valuit</span> <span class='ocrx_word' id='word_1_68' title='bbox 872 891 909 956; x_wconf 87' lang='lat' dir='ltr'>ad</span> <span class='ocrx_word' id='word_1_69' title='bbox 943 899 1184 963; x_wconf 86' lang='lat' dir='ltr'>commutandum</span> <span class='ocrx_word' id='word_1_70' title='bbox 1225 901 1341 967; x_wconf 90' lang='lat' dir='ltr'>dicendi</span> 
     </span>
     <span class='ocr_line' id='line_1_14' title="bbox 268 984 1398 1089; baseline 0.027 -49"><span class='ocrx_word' id='word_1_71' title='bbox 268 999 364 1065; x_wconf 86' lang='lat' dir='ltr'>genus</span> <span class='ocrx_word' id='word_1_72' title='bbox 386 984 542 1068; x_wconf 89' lang='lat' dir='ltr'>tragicum.</span> <span class='ocrx_word' id='word_1_73' title='bbox 587 985 717 1053; x_wconf 88' lang='lat' dir='ltr'>Primum</span> <span class='ocrx_word' id='word_1_74' title='bbox 752 994 827 1056; x_wconf 90' lang='lat' dir='ltr'>enim</span> <span class='ocrx_word' id='word_1_75' title='bbox 861 995 1084 1080; x_wconf 89' lang='lat' dir='ltr'>grandisonum,</span> <span class='ocrx_word' id='word_1_76' title='bbox 1119 1017 1340 1089; x_wconf 85' lang='lat' dir='ltr'>exaggeratum,</span> <span class='ocrx_word' id='word_1_77' title='bbox 1394 1044 1398 1049; x_wconf 88' lang='lat'>·</span> 
     </span>
     <span class='ocr_line' id='line_1_15' title="bbox 230 1088 1340 1175; baseline 0.026 -33"><span class='ocrx_word' id='word_1_78' title='bbox 230 1116 232 1123; x_wconf 70' lang='lat'>,</span> <span class='ocrx_word' id='word_1_79' title='bbox 269 1101 355 1166; x_wconf 81' lang='lat' dir='ltr'>saepe</span> <span class='ocrx_word' id='word_1_80' title='bbox 378 1103 515 1167; x_wconf 88' lang='lat' dir='ltr'>asperum</span> <span class='ocrx_word' id='word_1_81' title='bbox 537 1088 677 1175; x_wconf 72' lang='lat' dir='ltr'>Aeschyli</span> <span class='ocrx_word' id='word_1_82' title='bbox 701 1113 865 1158; x_wconf 84' lang='lat' dir='ltr'>sennonem</span> <span class='ocrx_word' id='word_1_83' title='bbox 895 1096 932 1159; x_wconf 87' lang='lat' dir='ltr'>ad</span> <span class='ocrx_word' id='word_1_84' title='bbox 960 1100 1036 1161; x_wconf 87' lang='lat' dir='ltr'>vitae</span> <span class='ocrx_word' id='word_1_85' title='bbox 1064 1101 1227 1168; x_wconf 81' lang='lat' dir='ltr'>cotidianae</span> <span class='ocrx_word' id='word_1_86' title='bbox 1253 1127 1340 1171; x_wconf 89' lang='lat' dir='ltr'>usum</span> 
     </span>
     <span class='ocr_line' id='line_1_16' title="bbox 268 1179 1342 1281; baseline 0.024 -35"><span class='ocrx_word' id='word_1_87' title='bbox 268 1179 390 1248; x_wconf 81' lang='lat' dir='ltr'>deflexit</span> <span class='ocrx_word' id='word_1_88' title='bbox 412 1195 440 1246; x_wconf 95' lang='lat' dir='ltr'>et</span> <span class='ocrx_word' id='word_1_89' title='bbox 461 1184 577 1250; x_wconf 87' lang='lat' dir='ltr'>urbana</span> <span class='ocrx_word' id='word_1_90' title='bbox 598 1190 725 1275; x_wconf 90' lang='lat' dir='ltr'>quadam</span> <span class='ocrx_word' id='word_1_91' title='bbox 748 1193 891 1281; x_wconf 81' lang='lat' dir='ltr'>elegantia</span> <span class='ocrx_word' id='word_1_92' title='bbox 914 1198 1095 1264; x_wconf 89' lang='lat' dir='ltr'>audientium</span> <span class='ocrx_word' id='word_1_93' title='bbox 1119 1206 1232 1269; x_wconf 90' lang='lat' dir='ltr'>animos</span> <span class='ocrx_word' id='word_1_94' title='bbox 1247 1205 1342 1271; x_wconf 90' lang='lat' dir='ltr'>delec-</span> 
     </span>
     <span class='ocr_line' id='line_1_17' title="bbox 268 1283 1339 1390; baseline 0.024 -44"><span class='ocrx_word' id='word_1_95' title='bbox 268 1284 360 1360; x_wconf 81' lang='lat' dir='ltr'>tavit3</span> <span class='ocrx_word' id='word_1_96' title='bbox 389 1283 471 1370; x_wconf 92' lang='lat' dir='ltr'>quod</span> <span class='ocrx_word' id='word_1_97' title='bbox 498 1290 550 1352; x_wconf 91' lang='lat' dir='ltr'>etsi</span> <span class='ocrx_word' id='word_1_98' title='bbox 580 1312 634 1375; x_wconf 91' lang='lat' dir='ltr'>per</span> <span class='ocrx_word' id='word_1_99' title='bbox 659 1313 691 1355; x_wconf 90' lang='lat' dir='ltr'>se</span> <span class='ocrx_word' id='word_1_100' title='bbox 716 1315 830 1359; x_wconf 81' lang='lat' dir='ltr'>sumina</span> <span class='ocrx_word' id='word_1_101' title='bbox 859 1298 944 1362; x_wconf 90' lang='lat' dir='ltr'>laude</span> <span class='ocrx_word' id='word_1_102' title='bbox 968 1299 1092 1386; x_wconf 85' lang='lat' dir='ltr'>dignum</span> <span class='ocrx_word' id='word_1_103' title='bbox 1118 1318 1216 1390; x_wconf 90' lang='lat' dir='ltr'>potest</span> <span class='ocrx_word' id='word_1_104' title='bbox 1239 1309 1339 1383; x_wconf 88' lang='lat' dir='ltr'>videri,</span> 
     </span>
     <span class='ocr_line' id='line_1_18' title="bbox 268 1386 1340 1478; baseline 0.022 -28"><span class='ocrx_word' id='word_1_105' title='bbox 268 1394 366 1450; x_wconf 82' lang='lat' dir='ltr'>lamen</span> <span class='ocrx_word' id='word_1_106' title='bbox 387 1386 514 1452; x_wconf 85' lang='lat' dir='ltr'>multum</span> <span class='ocrx_word' id='word_1_107' title='bbox 536 1411 596 1454; x_wconf 91' lang='lat' dir='ltr'>non</span> <span class='ocrx_word' id='word_1_108' title='bbox 618 1397 717 1478; x_wconf 88' lang='lat' dir='ltr'>potuit</span> <span class='ocrx_word' id='word_1_109' title='bbox 739 1419 798 1460; x_wconf 92' lang='lat' dir='ltr'>non</span> <span class='ocrx_word' id='word_1_110' title='bbox 821 1398 974 1465; x_wconf 82' lang='lat' dir='ltr'>detrahere</span> <span class='ocrx_word' id='word_1_111' title='bbox 996 1404 1033 1466; x_wconf 91' lang='lat' dir='ltr'>de</span> <span class='ocrx_word' id='word_1_112' title='bbox 1056 1408 1126 1469; x_wconf 89' lang='lat' dir='ltr'>artis</span> <span class='ocrx_word' id='word_1_113' title='bbox 1152 1411 1281 1473; x_wconf 88' lang='lat' dir='ltr'>scenicae</span> <span class='ocrx_word' id='word_1_114' title='bbox 1296 1409 1340 1472; x_wconf 90' lang='lat' dir='ltr'>di·</span> 
     </span>
    </p>
   </div>
   <div class='ocr_carea' id='block_1_3' title="bbox 267 1487 1339 1592">
    <p class='ocr_par' dir='ltr' id='par_1_3' title="bbox 267 1487 1339 1592">
     <span class='ocr_line' id='line_1_19' title="bbox 267 1487 1339 1592; baseline 0.027 -46"><span class='ocrx_word' id='word_1_115' title='bbox 267 1487 391 1570; x_wconf 80' lang='lat' dir='ltr'>gnitate,</span> <span class='ocrx_word' id='word_1_116' title='bbox 422 1494 593 1574; x_wconf 88' lang='lat' dir='ltr'>praesertim</span> <span class='ocrx_word' id='word_1_117' title='bbox 621 1515 712 1580; x_wconf 87' lang='lat' dir='ltr'>quum</span> <span class='ocrx_word' id='word_1_118' title='bbox 742 1499 842 1563; x_wconf 90' lang='lat' dir='ltr'>studio</span> <span class='ocrx_word' id='word_1_119' title='bbox 869 1503 1006 1588; x_wconf 89' lang='lat' dir='ltr'>populari</span> <span class='ocrx_word' id='word_1_120' title='bbox 1029 1505 1169 1592; x_wconf 88' lang='lat' dir='ltr'>abreptus</span> <span class='ocrx_word' id='word_1_121' title='bbox 1192 1509 1339 1575; x_wconf 88' lang='lat' dir='ltr'>interdum</span> 
     </span>
    </p>
   </div>
   <div class='ocr_carea' id='block_1_4' title="bbox 267 1586 1389 1685">
    <p class='ocr_par' dir='ltr' id='par_1_4' title="bbox 267 1586 1474 1687">
     <span class='ocr_line' id='line_1_20' title="bbox 267 1586 1389 1685; baseline 0.022 -34"><span class='ocrx_word' id='word_1_122' title='bbox 267 1586 307 1653; x_wconf 86' lang='lat' dir='ltr'>ad</span> <span class='ocrx_word' id='word_1_123' title='bbox 329 1587 439 1674; x_wconf 86' lang='lat' dir='ltr'>vulgus</span> <span class='ocrx_word' id='word_1_124' title='bbox 463 1589 638 1659; x_wconf 76' lang='lat' dir='ltr'>descendere</span> <span class='ocrx_word' id='word_1_125' title='bbox 667 1611 695 1660; x_wconf 89' lang='lat' dir='ltr'>et</span> <span class='ocrx_word' id='word_1_126' title='bbox 718 1600 923 1685; x_wconf 86' lang='lat' dir='ltr'>Melpomenen</span> <span class='ocrx_word' id='word_1_127' title='bbox 951 1606 1058 1669; x_wconf 85' lang='lat' dir='ltr'>adres</span> <span class='ocrx_word' id='word_1_128' title='bbox 1086 1610 1214 1674; x_wconf 85' lang='lat' dir='ltr'>minutas</span> <span class='ocrx_word' id='word_1_129' title='bbox 1239 1609 1341 1675; x_wconf 86' lang='lat' dir='ltr'>detru-</span> <span class='ocrx_word' id='word_1_130' title='bbox 1387 1604 1389 1607; x_wconf 52' lang='grc'>’</span> 
     </span>
    </p>
   </div>
   <div class='ocr_carea' id='block_1_5' title="bbox 269 1687 1341 1893">
    <p class='ocr_par' dir='ltr' id='par_1_5' title="bbox 269 1687 1341 1893">
     <span class='ocr_line' id='line_1_21' title="bbox 269 1687 1340 1798; baseline 0.021 -44"><span class='ocrx_word' id='word_1_131' title='bbox 269 1687 338 1754; x_wconf 88' lang='lat' dir='ltr'>dere</span> <span class='ocrx_word' id='word_1_132' title='bbox 359 1713 420 1755; x_wconf 90' lang='lat' dir='ltr'>non</span> <span class='ocrx_word' id='word_1_133' title='bbox 442 1707 601 1761; x_wconf 89' lang='lat' dir='ltr'>vereretur.</span> <span class='ocrx_word' id='word_1_134' title='bbox 636 1698 715 1764; x_wconf 91' lang='lat' dir='ltr'>Turn</span> <span class='ocrx_word' id='word_1_135' title='bbox 732 1724 811 1777; x_wconf 88' lang='lat' dir='ltr'>vcro,</span> <span class='ocrx_word' id='word_1_136' title='bbox 835 1705 915 1789; x_wconf 90' lang='lat' dir='ltr'>quod</span> <span class='ocrx_word' id='word_1_137' title='bbox 938 1706 1135 1794; x_wconf 82' lang='lat' dir='ltr'>intellegebat,</span> <span class='ocrx_word' id='word_1_138' title='bbox 1159 1713 1340 1798; x_wconf 86' lang='lat' dir='ltr'>tragoediam</span> 
     </span>
     <span class='ocr_line' id='line_1_22' title="bbox 269 1790 1341 1893; baseline 0.02 -36"><span class='ocrx_word' id='word_1_139' title='bbox 269 1790 306 1857; x_wconf 90' lang='lat' dir='ltr'>de</span> <span class='ocrx_word' id='word_1_140' title='bbox 328 1791 508 1859; x_wconf 83' lang='lat' dir='ltr'>sublimitate</span> <span class='ocrx_word' id='word_1_141' title='bbox 531 1818 584 1860; x_wconf 87' lang='lat' dir='ltr'>suo</span> <span class='ocrx_word' id='word_1_142' title='bbox 607 1796 747 1864; x_wconf 88' lang='lat' dir='ltr'>deiectam</span> <span class='ocrx_word' id='word_1_143' title='bbox 769 1816 798 1868; x_wconf 92' lang='lat' dir='ltr'>et</span> <span class='ocrx_word' id='word_1_144' title='bbox 819 1825 905 1869; x_wconf 90' lang='lat' dir='ltr'>socco</span> <span class='ocrx_word' id='word_1_145' title='bbox 933 1829 1024 1893; x_wconf 88' lang='lat' dir='ltr'>paene</span> <span class='ocrx_word' id='word_1_146' title='bbox 1050 1802 1232 1877; x_wconf 87' lang='lat' dir='ltr'>incedentem</span> <span class='ocrx_word' id='word_1_147' title='bbox 1264 1824 1341 1876; x_wconf 88' lang='lat' dir='ltr'>stare</span> 
     </span>
    </p>
   </div>
   <div class='ocr_carea' id='block_1_6' title="bbox 269 1896 1420 2094">
    <p class='ocr_par' dir='ltr' id='par_1_6' title="bbox 269 1896 1420 2094">
     <span class='ocr_line' id='line_1_23' title="bbox 269 1896 1341 1999; baseline 0.016 -40"><span class='ocrx_word' id='word_1_148' title='bbox 269 1914 330 1959; x_wconf 89' lang='lat' dir='ltr'>non</span> <span class='ocrx_word' id='word_1_149' title='bbox 352 1915 448 1979; x_wconf 88' lang='lat' dir='ltr'>posse,</span> <span class='ocrx_word' id='word_1_150' title='bbox 472 1896 581 1962; x_wconf 90' lang='lat' dir='ltr'>lumine</span> <span class='ocrx_word' id='word_1_151' title='bbox 604 1899 719 1966; x_wconf 89' lang='lat' dir='ltr'>dicendi</span> <span class='ocrx_word' id='word_1_152' title='bbox 742 1906 859 1970; x_wconf 92' lang='lat' dir='ltr'>avidius</span> <span class='ocrx_word' id='word_1_153' title='bbox 882 1921 1065 1975; x_wconf 83' lang='lat' dir='ltr'>consectatus</span> <span class='ocrx_word' id='word_1_154' title='bbox 1088 1924 1117 1975; x_wconf 92' lang='lat' dir='ltr'>et</span> <span class='ocrx_word' id='word_1_155' title='bbox 1142 1917 1341 1999; x_wconf 87' lang='lat' dir='ltr'>intemperan-</span> 
     </span>
     <span class='ocr_line' id='line_1_24' title="bbox 269 1992 1420 2094; baseline 0.021 -38"><span class='ocrx_word' id='word_1_156' title='bbox 269 1995 338 2070; x_wconf 89' lang='lat' dir='ltr'>tius,</span> <span class='ocrx_word' id='word_1_157' title='bbox 360 1992 429 2059; x_wconf 87' lang='lat' dir='ltr'>fuco</span> <span class='ocrx_word' id='word_1_158' title='bbox 456 1996 535 2062; x_wconf 88' lang='lat' dir='ltr'>illam</span> <span class='ocrx_word' id='word_1_159' title='bbox 563 2003 694 2064; x_wconf 87' lang='lat' dir='ltr'>oratorio</span> <span class='ocrx_word' id='word_1_160' title='bbox 723 2005 880 2071; x_wconf 90' lang='lat' dir='ltr'>artiliciosc</span> <span class='ocrx_word' id='word_1_161' title='bbox 909 2007 947 2072; x_wconf 92' lang='lat' dir='ltr'>ad</span> <span class='ocrx_word' id='word_1_162' title='bbox 974 2013 1127 2094; x_wconf 83' lang='lat' dir='ltr'>pristinam</span> <span class='ocrx_word' id='word_1_163' title='bbox 1162 2017 1339 2078; x_wconf 86' lang='lat' dir='ltr'>maiestatem</span> <span class='ocrx_word' id='word_1_164' title='bbox 1417 2084 1420 2089; x_wconf 21' lang='lat'><strong>⁴</strong></span> 
     </span>
    </p>
   </div>
   <div class='ocr_carea' id='block_1_7' title="bbox 201 2098 1437 4326">
    <p class='ocr_par' dir='ltr' id='par_1_7' title="bbox 201 2098 1437 4326">
     <span class='ocr_line' id='line_1_25' title="bbox 269 2098 1225 2179; baseline 0.022 -21"><span class='ocrx_word' id='word_1_165' title='bbox 269 2114 409 2163; x_wconf 87' lang='lat' dir='ltr'>revocare</span> <span class='ocrx_word' id='word_1_166' title='bbox 430 2098 554 2164; x_wconf 88' lang='lat' dir='ltr'>studuit.</span> <span class='ocrx_word' id='word_1_167' title='bbox 1221 2170 1225 2179; x_wconf 60' lang='lat'><em>„</em></span> 
     </span>
     <span class='ocr_line' id='line_1_26' title="bbox 353 2198 1342 2300; baseline 0.019 -37"><span class='ocrx_word' id='word_1_168' title='bbox 353 2198 453 2286; x_wconf 84' lang='lat' dir='ltr'>Atque</span> <span class='ocrx_word' id='word_1_169' title='bbox 474 2211 509 2266; x_wconf 89' lang='lat' dir='ltr'>ut</span> <span class='ocrx_word' id='word_1_170' title='bbox 530 2215 608 2267; x_wconf 90' lang='lat' dir='ltr'>recte</span> <span class='ocrx_word' id='word_1_171' title='bbox 624 2209 772 2291; x_wconf 88' lang='lat' dir='ltr'>possimus</span> <span class='ocrx_word' id='word_1_172' title='bbox 787 2208 959 2290; x_wconf 90' lang='lat' dir='ltr'>diiudicare,</span> <span class='ocrx_word' id='word_1_173' title='bbox 983 2216 1134 2300; x_wconf 88' lang='lat' dir='ltr'>quomodo</span> <span class='ocrx_word' id='word_1_174' title='bbox 1156 2216 1193 2282; x_wconf 91' lang='lat' dir='ltr'>de</span> <span class='ocrx_word' id='word_1_175' title='bbox 1207 2239 1342 2282; x_wconf 82' lang='lat' dir='ltr'>sermone</span> 
     </span>
     <span class='ocr_line' id='line_1_27' title="bbox 270 2300 1341 2405; baseline 0.021 -45"><span class='ocrx_word' id='word_1_176' title='bbox 270 2300 383 2386; x_wconf 85' lang='lat' dir='ltr'>tragico</span> <span class='ocrx_word' id='word_1_177' title='bbox 406 2300 564 2389; x_wconf 81' lang='lat' dir='ltr'>Euripides</span> <span class='ocrx_word' id='word_1_178' title='bbox 587 2311 735 2384; x_wconf 76' lang='lat' dir='ltr'>meruerit,</span> <span class='ocrx_word' id='word_1_179' title='bbox 759 2310 830 2396; x_wconf 90' lang='lat' dir='ltr'>quid</span> <span class='ocrx_word' id='word_1_180' title='bbox 858 2312 976 2377; x_wconf 89' lang='lat' dir='ltr'>tandem</span> <span class='ocrx_word' id='word_1_181' title='bbox 1004 2320 1204 2399; x_wconf 86' lang='lat' dir='ltr'>praestiterint</span> <span class='ocrx_word' id='word_1_182' title='bbox 1228 2321 1258 2393; x_wconf 91' lang='lat' dir='ltr'>ii,</span> <span class='ocrx_word' id='word_1_183' title='bbox 1291 2321 1341 2405; x_wconf 91' lang='lat' dir='ltr'>qui</span> 
     </span>
     <span class='ocr_line' id='line_1_28' title="bbox 270 2397 1339 2498; baseline 0.022 -37"><span class='ocrx_word' id='word_1_184' title='bbox 270 2397 353 2465; x_wconf 89' lang='lat' dir='ltr'>illum</span> <span class='ocrx_word' id='word_1_185' title='bbox 386 2414 479 2467; x_wconf 85' lang='lat' dir='ltr'>aetate</span> <span class='ocrx_word' id='word_1_186' title='bbox 507 2421 731 2490; x_wconf 85' lang='lat' dir='ltr'>praecurrentes</span> <span class='ocrx_word' id='word_1_187' title='bbox 767 2410 804 2476; x_wconf 92' lang='lat' dir='ltr'>ad</span> <span class='ocrx_word' id='word_1_188' title='bbox 835 2416 937 2498; x_wconf 87' lang='lat' dir='ltr'>poesin</span> <span class='ocrx_word' id='word_1_189' title='bbox 966 2417 1108 2480; x_wconf 88' lang='lat' dir='ltr'>scenicam</span> <span class='ocrx_word' id='word_1_190' title='bbox 1141 2418 1339 2496; x_wconf 89' lang='lat' dir='ltr'>incubuerint,</span> 
     </span>
     <span class='ocr_line' id='line_1_29' title="bbox 201 2505 1340 2607; baseline 0.02 -44"><span class='ocrx_word' id='word_1_191' title='bbox 201 2560 202 2563; x_wconf 74' lang='grc'>,</span> <span class='ocrx_word' id='word_1_192' title='bbox 269 2505 372 2586; x_wconf 87' lang='lat' dir='ltr'>paucis</span> <span class='ocrx_word' id='word_1_193' title='bbox 395 2525 472 2590; x_wconf 92' lang='lat' dir='ltr'>opus</span> <span class='ocrx_word' id='word_1_194' title='bbox 495 2519 539 2573; x_wconf 88' lang='lat' dir='ltr'>est</span> <span class='ocrx_word' id='word_1_195' title='bbox 559 2507 777 2580; x_wconf 87' lang='lat' dir='ltr'>adumbrcmus.</span> <span class='ocrx_word' id='word_1_196' title='bbox 822 2515 941 2581; x_wconf 85' lang='lat' dir='ltr'>Semina</span> <span class='ocrx_word' id='word_1_197' title='bbox 963 2518 1056 2602; x_wconf 88' lang='lat' dir='ltr'>igitur</span> <span class='ocrx_word' id='word_1_198' title='bbox 1078 2521 1158 2596; x_wconf 87' lang='lat' dir='ltr'>artis,</span> <span class='ocrx_word' id='word_1_199' title='bbox 1186 2541 1262 2607; x_wconf 89' lang='lat' dir='ltr'>quae</span> <span class='ocrx_word' id='word_1_200' title='bbox 1283 2523 1340 2585; x_wconf 91' lang='lat' dir='ltr'>iam</span> 
     </span>
     <span class='ocr_line' id='line_1_30' title="bbox 269 2602 1341 2708; baseline 0.02 -43"><span class='ocrx_word' id='word_1_201' title='bbox 269 2602 384 2689; x_wconf 85' lang='lat' dir='ltr'>pridem</span> <span class='ocrx_word' id='word_1_202' title='bbox 411 2607 442 2670; x_wconf 94' lang='lat' dir='ltr'>in</span> <span class='ocrx_word' id='word_1_203' title='bbox 463 2611 563 2675; x_wconf 90' lang='lat' dir='ltr'>Attica</span> <span class='ocrx_word' id='word_1_204' title='bbox 588 2625 656 2675; x_wconf 88' lang='lat' dir='ltr'>nata</span> <span class='ocrx_word' id='word_1_205' title='bbox 683 2613 736 2689; x_wconf 88' lang='lat' dir='ltr'>diu</span> <span class='ocrx_word' id='word_1_206' title='bbox 763 2630 930 2682; x_wconf 87' lang='lat' dir='ltr'>manserant</span> <span class='ocrx_word' id='word_1_207' title='bbox 954 2619 1077 2695; x_wconf 86' lang='lat' dir='ltr'>inculta,</span> <span class='ocrx_word' id='word_1_208' title='bbox 1105 2633 1139 2685; x_wconf 86' lang='lat' dir='ltr'>ut</span> <span class='ocrx_word' id='word_1_209' title='bbox 1167 2620 1251 2686; x_wconf 88' lang='lat' dir='ltr'>tarde</span> <span class='ocrx_word' id='word_1_210' title='bbox 1273 2645 1341 2708; x_wconf 90' lang='lat' dir='ltr'>pro·</span> 
     </span>
     <span class='ocr_line' id='line_1_31' title="bbox 271 2707 1340 2805; baseline 0.017 -39"><span class='ocrx_word' id='word_1_211' title='bbox 271 2707 406 2771; x_wconf 87' lang='lat' dir='ltr'>venirent</span> <span class='ocrx_word' id='word_1_212' title='bbox 426 2710 638 2800; x_wconf 88' lang='lat' dir='ltr'>paullatimque</span> <span class='ocrx_word' id='word_1_213' title='bbox 652 2715 847 2801; x_wconf 87' lang='lat' dir='ltr'>pubescerent</span> <span class='ocrx_word' id='word_1_214' title='bbox 861 2741 954 2805; x_wconf 88' lang='lat' dir='ltr'>quum</span> <span class='ocrx_word' id='word_1_215' title='bbox 969 2743 1085 2785; x_wconf 90' lang='lat' dir='ltr'>summa</span> <span class='ocrx_word' id='word_1_216' title='bbox 1096 2721 1231 2787; x_wconf 83' lang='lat' dir='ltr'>ellectum</span> <span class='ocrx_word' id='word_1_217' title='bbox 1242 2743 1340 2786; x_wconf 91' lang='lat' dir='ltr'>rerum</span> 
     </span>
     <span class='ocr_line' id='line_1_32' title="bbox 270 2811 1434 2909; baseline 0.009 -38"><span class='ocrx_word' id='word_1_218' title='bbox 270 2811 501 2893; x_wconf 83' lang='lat' dir='ltr'>opportunitate,</span> <span class='ocrx_word' id='word_1_219' title='bbox 526 2825 588 2883; x_wconf 89' lang='lat' dir='ltr'>turn</span> <span class='ocrx_word' id='word_1_220' title='bbox 605 2819 676 2880; x_wconf 89' lang='lat' dir='ltr'>viris</span> <span class='ocrx_word' id='word_1_221' title='bbox 692 2818 794 2883; x_wconf 90' lang='lat' dir='ltr'>divino</span> <span class='ocrx_word' id='word_1_222' title='bbox 811 2841 902 2905; x_wconf 88' lang='lat' dir='ltr'>paene</span> <span class='ocrx_word' id='word_1_223' title='bbox 916 2824 1036 2908; x_wconf 88' lang='lat' dir='ltr'>ingenio</span> <span class='ocrx_word' id='word_1_224' title='bbox 1054 2824 1202 2909; x_wconf 87' lang='lat' dir='ltr'>praeditis.</span> <span class='ocrx_word' id='word_1_225' title='bbox 1230 2821 1341 2906; x_wconf 76' lang='lat' dir='ltr'>Quam·</span> <span class='ocrx_word' id='word_1_226' title='bbox 1433 2878 1434 2881; x_wconf 74' lang='grc'>,</span> 
     </span>
     <span class='ocr_line' id='line_1_33' title="bbox 263 2915 1340 3010; baseline 0.007 -33"><span class='ocrx_word' id='word_1_227' title='bbox 263 2929 361 2996; x_wconf 76' lang='lat' dir='ltr'>quem</span> <span class='ocrx_word' id='word_1_228' title='bbox 384 2915 460 2981; x_wconf 88' lang='lat' dir='ltr'>enim</span> <span class='ocrx_word' id='word_1_229' title='bbox 476 2916 512 2982; x_wconf 93' lang='lat' dir='ltr'>de</span> <span class='ocrx_word' id='word_1_230' title='bbox 527 2919 697 2985; x_wconf 87' lang='lat' dir='ltr'>inventione</span> <span class='ocrx_word' id='word_1_231' title='bbox 709 2921 889 3008; x_wconf 77' lang='lat' dir='ltr'>tragoediae</span> <span class='ocrx_word' id='word_1_232' title='bbox 912 2926 1037 2990; x_wconf 87' lang='lat' dir='ltr'>multum</span> <span class='ocrx_word' id='word_1_233' title='bbox 1053 2947 1139 3010; x_wconf 90' lang='lat' dir='ltr'>saepe</span> <span class='ocrx_word' id='word_1_234' title='bbox 1158 2925 1340 3007; x_wconf 89' lang='lat' dir='ltr'>disputatum</span> 
     </span>
     <span class='ocr_line' id='line_1_34' title="bbox 265 3011 1342 3111; baseline 0.006 -32"><span class='ocrx_word' id='word_1_235' title='bbox 265 3023 325 3088; x_wconf 85' lang='lat' dir='ltr'>est,</span> <span class='ocrx_word' id='word_1_236' title='bbox 346 3011 404 3079; x_wconf 91' lang='lat' dir='ltr'>hoc</span> <span class='ocrx_word' id='word_1_237' title='bbox 424 3038 494 3083; x_wconf 84' lang='lat' dir='ltr'>sane</span> <span class='ocrx_word' id='word_1_238' title='bbox 516 3033 638 3096; x_wconf 86' lang='lat' dir='ltr'>constat,</span> <span class='ocrx_word' id='word_1_239' title='bbox 662 3022 796 3110; x_wconf 79' lang='lat' dir='ltr'>Thespio</span> <span class='ocrx_word' id='word_1_240' title='bbox 821 3028 948 3111; x_wconf 89' lang='lat' dir='ltr'>primum</span> <span class='ocrx_word' id='word_1_241' title='bbox 972 3029 1053 3091; x_wconf 88' lang='lat' dir='ltr'>initia</span> <span class='ocrx_word' id='word_1_242' title='bbox 1083 3028 1179 3110; x_wconf 91' lang='lat' dir='ltr'>poesis</span> <span class='ocrx_word' id='word_1_243' title='bbox 1202 3025 1342 3100; x_wconf 88' lang='lat' dir='ltr'>scenicae,</span> 
     </span>
     <span class='ocr_line' id='line_1_35' title="bbox 271 3113 1341 3212; baseline 0.009 -32"><span class='ocrx_word' id='word_1_244' title='bbox 271 3123 357 3183; x_wconf 79' lang='lat' dir='ltr'>meaa</span> <span class='ocrx_word' id='word_1_245' title='bbox 378 3113 472 3183; x_wconf 82' lang='lat' dir='ltr'>furori</span> <span class='ocrx_word' id='word_1_246' title='bbox 494 3120 609 3187; x_wconf 80' lang='lat' dir='ltr'>cuidam</span> <span class='ocrx_word' id='word_1_247' title='bbox 633 3136 661 3189; x_wconf 88' lang='lat' dir='ltr'>et</span> <span class='ocrx_word' id='word_1_248' title='bbox 683 3128 813 3190; x_wconf 91' lang='lat' dir='ltr'>insaniae</span> <span class='ocrx_word' id='word_1_249' title='bbox 835 3130 986 3212; x_wconf 89' lang='lat' dir='ltr'>permissa,</span> <span class='ocrx_word' id='word_1_250' title='bbox 999 3131 1028 3190; x_wconf 90' lang='lat' dir='ltr'>in</span> <span class='ocrx_word' id='word_1_251' title='bbox 1051 3130 1122 3191; x_wconf 88' lang='lat' dir='ltr'>artis</span> <span class='ocrx_word' id='word_1_252' title='bbox 1145 3124 1267 3189; x_wconf 89' lang='lat' dir='ltr'>sormam</span> <span class='ocrx_word' id='word_1_253' title='bbox 1295 3147 1341 3190; x_wconf 92' lang='lat' dir='ltr'>re-</span> 
     </span>
     <span class='ocr_line' id='line_1_36' title="bbox 272 3215 1341 3315; baseline 0.009 -33"><span class='ocrx_word' id='word_1_254' title='bbox 272 3215 397 3303; x_wconf 84' lang='lat' dir='ltr'>degisse.</span> <span class='ocrx_word' id='word_1_255' title='bbox 442 3219 501 3305; x_wconf 79' lang='lat' dir='ltr'>Qui</span> <span class='ocrx_word' id='word_1_256' title='bbox 535 3222 682 3291; x_wconf 78' lang='lat' dir='ltr'>inferioris</span> <span class='ocrx_word' id='word_1_257' title='bbox 714 3231 816 3292; x_wconf 88' lang='lat' dir='ltr'>aetatis</span> <span class='ocrx_word' id='word_1_258' title='bbox 849 3240 911 3291; x_wconf 83' lang='lat' dir='ltr'>erat</span> <span class='ocrx_word' id='word_1_259' title='bbox 942 3230 1107 3313; x_wconf 84' lang='lat' dir='ltr'>proximus,</span> <span class='ocrx_word' id='word_1_260' title='bbox 1143 3227 1341 3315; x_wconf 86' lang='lat' dir='ltr'>Phrynichus,</span> 
     </span>
     <span class='ocr_line' id='line_1_37' title="bbox 268 3326 1342 3416; baseline 0.006 -30"><span class='ocrx_word' id='word_1_261' title='bbox 268 3337 365 3405; x_wconf 20' lang='lat' dir='ltr'>&#39;quum</span> <span class='ocrx_word' id='word_1_262' title='bbox 388 3326 523 3408; x_wconf 87' lang='lat' dir='ltr'>magistri</span> <span class='ocrx_word' id='word_1_263' title='bbox 545 3330 670 3416; x_wconf 80' lang='lat' dir='ltr'>vestigia</span> <span class='ocrx_word' id='word_1_264' title='bbox 694 3331 780 3393; x_wconf 88' lang='lat' dir='ltr'>nimis</span> <span class='ocrx_word' id='word_1_265' title='bbox 804 3340 959 3414; x_wconf 90' lang='lat' dir='ltr'>premeret,</span> <span class='ocrx_word' id='word_1_266' title='bbox 982 3331 1007 3393; x_wconf 88' lang='lat' dir='ltr'>si</span> <span class='ocrx_word' id='word_1_267' title='bbox 1029 3350 1090 3392; x_wconf 90' lang='lat' dir='ltr'>rem</span> <span class='ocrx_word' id='word_1_268' title='bbox 1114 3334 1261 3394; x_wconf 86' lang='lat' dir='ltr'>metricam</span> <span class='ocrx_word' id='word_1_269' title='bbox 1289 3349 1342 3392; x_wconf 90' lang='lat' dir='ltr'>ex·</span> 
     </span>
     <span class='ocr_line' id='line_1_38' title="bbox 272 3423 1341 3512; baseline 0.006 -27"><span class='ocrx_word' id='word_1_270' title='bbox 272 3424 393 3505; x_wconf 86' lang='lat' dir='ltr'>ceperis,</span> <span class='ocrx_word' id='word_1_271' title='bbox 426 3423 500 3488; x_wconf 95' lang='lat' dir='ltr'>nihil</span> <span class='ocrx_word' id='word_1_272' title='bbox 534 3430 605 3491; x_wconf 89' lang='lat' dir='ltr'>novi</span> <span class='ocrx_word' id='word_1_273' title='bbox 639 3430 761 3497; x_wconf 90' lang='lat' dir='ltr'>videtur</span> <span class='ocrx_word' id='word_1_274' title='bbox 792 3431 829 3496; x_wconf 91' lang='lat' dir='ltr'>ad</span> <span class='ocrx_word' id='word_1_275' title='bbox 860 3443 951 3497; x_wconf 89' lang='lat' dir='ltr'>artem</span> <span class='ocrx_word' id='word_1_276' title='bbox 985 3433 1126 3496; x_wconf 88' lang='lat' dir='ltr'>attulisse.</span> <span class='ocrx_word' id='word_1_277' title='bbox 1175 3428 1341 3512; x_wconf 86' lang='lat' dir='ltr'>Aeschylus</span> 
     </span>
     <span class='ocr_line' id='line_1_39' title="bbox 273 3519 1341 3620; baseline 0.003 -31"><span class='ocrx_word' id='word_1_278' title='bbox 273 3519 392 3589; x_wconf 87' lang='lat' dir='ltr'>demum</span> <span class='ocrx_word' id='word_1_279' title='bbox 421 3527 446 3589; x_wconf 91' lang='lat' dir='ltr'>is</span> <span class='ocrx_word' id='word_1_280' title='bbox 473 3523 538 3605; x_wconf 88' lang='lat' dir='ltr'>fuit,</span> <span class='ocrx_word' id='word_1_281' title='bbox 567 3535 618 3617; x_wconf 90' lang='lat' dir='ltr'>qui</span> <span class='ocrx_word' id='word_1_282' title='bbox 646 3532 797 3619; x_wconf 85' lang='lat' dir='ltr'>eliquanto</span> <span class='ocrx_word' id='word_1_283' title='bbox 826 3533 943 3620; x_wconf 89' lang='lat' dir='ltr'>longius</span> <span class='ocrx_word' id='word_1_284' title='bbox 976 3552 1153 3619; x_wconf 86' lang='lat' dir='ltr'>progressus</span> <span class='ocrx_word' id='word_1_285' title='bbox 1181 3529 1219 3593; x_wconf 88' lang='lat' dir='ltr'>ad</span> <span class='ocrx_word' id='word_1_286' title='bbox 1247 3531 1341 3613; x_wconf 86' lang='lat' dir='ltr'>ipsam</span> 
     </span>
     <span class='ocr_line' id='line_1_40' title="bbox 273 3624 1342 3721; baseline 0.004 -31"><span class='ocrx_word' id='word_1_287' title='bbox 273 3624 481 3712; x_wconf 84' lang='lat' dir='ltr'>perlectionem</span> <span class='ocrx_word' id='word_1_288' title='bbox 509 3633 677 3719; x_wconf 84' lang='lat' dir='ltr'>tragoediae</span> <span class='ocrx_word' id='word_1_289' title='bbox 712 3638 788 3699; x_wconf 87' lang='lat' dir='ltr'>viam</span> <span class='ocrx_word' id='word_1_290' title='bbox 820 3637 953 3721; x_wconf 87' lang='lat' dir='ltr'>aperiret.</span> <span class='ocrx_word' id='word_1_291' title='bbox 998 3633 1057 3714; x_wconf 76' lang='lat' dir='ltr'>Qui</span> <span class='ocrx_word' id='word_1_292' title='bbox 1090 3652 1182 3718; x_wconf 84' lang='lat' dir='ltr'>quum</span> <span class='ocrx_word' id='word_1_293' title='bbox 1209 3632 1240 3694; x_wconf 93' lang='lat' dir='ltr'>in</span> <span class='ocrx_word' id='word_1_294' title='bbox 1269 3629 1342 3694; x_wconf 91' lang='lat' dir='ltr'>illud</span> 
     </span>
     <span class='ocr_line' id='line_1_41' title="bbox 273 3730 1342 3820; baseline 0.001 -28"><span class='ocrx_word' id='word_1_295' title='bbox 273 3738 391 3815; x_wconf 86' lang='lat' dir='ltr'>tempus</span> <span class='ocrx_word' id='word_1_296' title='bbox 420 3730 568 3812; x_wconf 89' lang='lat' dir='ltr'>incideret,</span> <span class='ocrx_word' id='word_1_297' title='bbox 599 3757 659 3820; x_wconf 83' lang='lat' dir='ltr'>quo</span> <span class='ocrx_word' id='word_1_298' title='bbox 688 3758 789 3801; x_wconf 89' lang='lat' dir='ltr'>omnes</span> <span class='ocrx_word' id='word_1_299' title='bbox 820 3735 1023 3808; x_wconf 87' lang='lat' dir='ltr'>Athenienses,</span> <span class='ocrx_word' id='word_1_300' title='bbox 1055 3734 1246 3797; x_wconf 87' lang='lat' dir='ltr'>victoriarum</span> <span class='ocrx_word' id='word_1_301' title='bbox 1275 3731 1342 3817; x_wconf 93' lang='lat' dir='ltr'>pul·</span> 
     </span>
     <span class='ocr_line' id='line_1_42' title="bbox 274 3829 1342 3912; baseline -0.003 -15"><span class='ocrx_word' id='word_1_302' title='bbox 274 3829 486 3902; x_wconf 83' lang='lat' dir='ltr'>cherrimarum</span> <span class='ocrx_word' id='word_1_303' title='bbox 513 3839 690 3903; x_wconf 90' lang='lat' dir='ltr'>conscientia</span> <span class='ocrx_word' id='word_1_304' title='bbox 718 3837 840 3912; x_wconf 88' lang='lat' dir='ltr'>accensi,</span> <span class='ocrx_word' id='word_1_305' title='bbox 867 3858 927 3899; x_wconf 92' lang='lat' dir='ltr'>nou</span> <span class='ocrx_word' id='word_1_306' title='bbox 956 3834 1053 3898; x_wconf 91' lang='lat' dir='ltr'>solum</span> <span class='ocrx_word' id='word_1_307' title='bbox 1075 3834 1112 3898; x_wconf 92' lang='lat' dir='ltr'>ad</span> <span class='ocrx_word' id='word_1_308' title='bbox 1134 3835 1227 3899; x_wconf 87' lang='lat' dir='ltr'>totius</span> <span class='ocrx_word' id='word_1_309' title='bbox 1250 3833 1342 3898; x_wconf 87' lang='lat' dir='ltr'>Grae·</span> 
     </span>
     <span class='ocr_line' id='line_1_43' title="bbox 277 3932 1341 4027; baseline -0.006 -27"><span class='ocrx_word' id='word_1_310' title='bbox 277 3936 338 4001; x_wconf 83' lang='lat' dir='ltr'>ciac</span> <span class='ocrx_word' id='word_1_311' title='bbox 369 3936 567 4023; x_wconf 87' lang='lat' dir='ltr'>principatum</span> <span class='ocrx_word' id='word_1_312' title='bbox 606 3940 752 4001; x_wconf 88' lang='lat' dir='ltr'>concitato</span> <span class='ocrx_word' id='word_1_313' title='bbox 790 3958 878 4027; x_wconf 86' lang='lat' dir='ltr'>cursu</span> <span class='ocrx_word' id='word_1_314' title='bbox 916 3936 1140 4012; x_wconf 89' lang='lat' dir='ltr'>contendebant,</span> <span class='ocrx_word' id='word_1_315' title='bbox 1173 3932 1225 3999; x_wconf 85' lang='lat' dir='ltr'>sed</span> <span class='ocrx_word' id='word_1_316' title='bbox 1256 3935 1341 3996; x_wconf 91' lang='lat' dir='ltr'>etiam</span> 
     </span>
     <span class='ocr_line' id='line_1_44' title="bbox 274 4036 1437 4126; baseline -0.001 -24"><span class='ocrx_word' id='word_1_317' title='bbox 274 4037 417 4126; x_wconf 86' lang='lat' dir='ltr'>quicquid</span> <span class='ocrx_word' id='word_1_318' title='bbox 439 4051 502 4103; x_wconf 90' lang='lat' dir='ltr'>erat</span> <span class='ocrx_word' id='word_1_319' title='bbox 523 4041 623 4126; x_wconf 89' lang='lat' dir='ltr'>magni</span> <span class='ocrx_word' id='word_1_320' title='bbox 646 4052 674 4105; x_wconf 94' lang='lat' dir='ltr'>ct</span> <span class='ocrx_word' id='word_1_321' title='bbox 695 4040 804 4125; x_wconf 81' lang='lat' dir='ltr'>cncelsi</span> <span class='ocrx_word' id='word_1_322' title='bbox 827 4042 900 4105; x_wconf 88' lang='lat' dir='ltr'>mira</span> <span class='ocrx_word' id='word_1_323' title='bbox 915 4060 980 4106; x_wconf 89' lang='lat' dir='ltr'>cum</span> <span class='ocrx_word' id='word_1_324' title='bbox 1004 4039 1163 4125; x_wconf 88' lang='lat' dir='ltr'>cupiditate</span> <span class='ocrx_word' id='word_1_325' title='bbox 1186 4036 1343 4122; x_wconf 89' lang='lat' dir='ltr'>amplecte·</span> <span class='ocrx_word' id='word_1_326' title='bbox 1435 4094 1437 4101; x_wconf 78' lang='grc'>,</span> 
     </span>
     <span class='ocr_line' id='line_1_45' title="bbox 290 4136 1343 4230; baseline -0.005 -23"><span class='ocrx_word' id='word_1_327' title='bbox 290 4152 389 4218; x_wconf 84' lang='lat' dir='ltr'>entur,</span> <span class='ocrx_word' id='word_1_328' title='bbox 416 4152 528 4228; x_wconf 87' lang='lat' dir='ltr'>quanto</span> <span class='ocrx_word' id='word_1_329' title='bbox 558 4144 668 4208; x_wconf 89' lang='lat' dir='ltr'>maiore</span> <span class='ocrx_word' id='word_1_330' title='bbox 694 4142 793 4210; x_wconf 89' lang='lat' dir='ltr'>studio</span> <span class='ocrx_word' id='word_1_331' title='bbox 822 4155 910 4230; x_wconf 90' lang='lat' dir='ltr'>poeta</span> <span class='ocrx_word' id='word_1_332' title='bbox 941 4141 1042 4206; x_wconf 90' lang='lat' dir='ltr'>divino</span> <span class='ocrx_word' id='word_1_333' title='bbox 1073 4141 1194 4203; x_wconf 89' lang='lat' dir='ltr'>numine</span> <span class='ocrx_word' id='word_1_334' title='bbox 1227 4136 1343 4202; x_wconf 86' lang='lat' dir='ltr'>afflatus</span> 
     </span>
     <span class='ocr_line' id='line_1_46' title="bbox 276 4239 1344 4326; baseline -0.001 -19"><span class='ocrx_word' id='word_1_335' title='bbox 276 4243 369 4326; x_wconf 82' lang='lat' dir='ltr'>pectis</span> <span class='ocrx_word' id='word_1_336' title='bbox 391 4241 482 4311; x_wconf 88' lang='lat' dir='ltr'>rebus</span> <span class='ocrx_word' id='word_1_337' title='bbox 507 4245 633 4313; x_wconf 84' lang='lat' dir='ltr'>minutis</span> <span class='ocrx_word' id='word_1_338' title='bbox 658 4258 687 4310; x_wconf 91' lang='lat' dir='ltr'>et</span> <span class='ocrx_word' id='word_1_339' title='bbox 709 4246 862 4312; x_wconf 85' lang='lat' dir='ltr'>cotidianis</span> <span class='ocrx_word' id='word_1_340' title='bbox 890 4244 927 4316; x_wconf 80' lang='lat' dir='ltr'>ael</span> <span class='ocrx_word' id='word_1_341' title='bbox 954 4243 1091 4308; x_wconf 89' lang='lat' dir='ltr'>sublimia</span> <span class='ocrx_word' id='word_1_342' title='bbox 1118 4239 1241 4305; x_wconf 87' lang='lat' dir='ltr'>heroum</span> <span class='ocrx_word' id='word_1_343' title='bbox 1269 4240 1344 4306; x_wconf 77' lang='lat' dir='ltr'>licta</span> 
     </span>
    </p>
   </div>
   <div class='ocr_carea' id='block_1_8' title="bbox 0 0 1542 4834">
    <p class='ocr_par' dir='ltr' id='par_1_8' title="bbox 0 0 1542 4834">
     <span class='ocr_line' id='line_1_47' title="bbox 0 0 1542 4834; baseline 0 0"><span class='ocrx_word' id='word_1_344' title='bbox 0 0 1542 4834; x_wconf 95' lang='lat' dir='ltr'> </span> 
     </span>
    </p>
   </div>
  </div>
 </body>
</html>
