3062 4834
182 261 206 334 6

180 483 255 548 quae
281 462 443 529 verborum
471 489 503 530 ae
537 470 774 554 propositionum
810 475 998 537 concinnitati
1033 479 1152 541 minime
1179 503 1250 545 eon·

179 563 259 639 sulit,
274 587 348 640 ,non
377 566 495 632 alienos.
524 609 562 619 -
588 570 690 634 Talem
718 574 811 658 igitur
838 575 1019 662 tragoediam
1042 577 1078 642 ab
1100 581 1249 668 Aeschylo

181 665 340 751 Euripides
374 682 525 755 acceperat
554 677 636 751 (nam
665 693 757 758 quum
786 674 887 740 codem
917 700 1004 754 anno,
1038 701 1097 766 quo
1124 681 1172 746 ille
1198 683 1249 747 de-

180 765 298 831 lunctns
332 781 384 846 est,
418 773 480 857 ipse
505 775 563 836 iam
588 771 703 838 fabulas
730 775 1013 866 docere-coepisset,
1046 803 1102 845 suo
1124 783 1189 848 iure
1212 785 1248 850 ab

178 870 337 957 Aeschylo,
366 894 427 939 non
454 897 470 937 a
497 874 647 961 Sophocle
674 899 737 941 sese
766 883 911 966 accepisse
937 895 1053 967 poterat
1079 880 1248 966 affirmare).

179 970 274 1055 Quam
298 973 449 1059 quomodo
472 975 509 1039 ab
539 976 660 1044 horrida
691 992 720 1043 et
746 982 894 1068 incompta
921 984 1049 1050 dictione
1077 986 1114 1050 ad
1142 988 1247 1053 urbani

178 1078 321 1139 sermonis
355 1075 529 1163 elegantiam
563 1081 730 1145 traduxerit
762 1082 969 1171 tumidumque
1006 1109 1100 1173 genus
1133 1089 1247 1157 dicendi

178 1178 209 1239 in
244 1181 389 1264 integram
417 1180 626 1263 ⁴valetudinem
671 1204 703 1245 ae
746 1187 899 1248 sanitatem
944 1194 1136 1265 converterit,
1185 1195 1248 1277 ipsc

177 1283 325 1364 expressis
358 1281 457 1346 verbis
490 1282 570 1368 apud
604 1284 833 1371 Aristophanem
867 1291 998 1373 exponit,
1031 1311 1123 1375 quum
1153 1292 1189 1356 dc
1216 1315 1247 1357 se

177 1381 325 1467 praedicet
346 1386 420 1466 (ren.
444 1406 471 1449 v.
494 1383 589 1463 939):

219 1480 288 1548 ἀλλ’
303 1479 346 1557 ὡς
355 1486 548 1572 παρέλαβον
559 1489 618 1574 τῆν
628 1492 746 1574 τέχνην
756 1490 852 1579 παρά
865 1496 927 1558 coi
938 1492 977 1558 cd
990 1498 1125 1581 πρῶτον
1144 1490 1246 1569 stede

220 1586 381 1651 οἰδοῦσαν
403 1581 469 1651 ὑπὸ
492 1588 747 1672 κομπασμάτων
768 1600 823 1657 καὶ
847 1592 1000 1678 ῥημάτων
1021 1595 1194 1674 ἐπαχθῶν,

218 1689 361 1767 ἴσχνανα
382 1693 443 1771 μὲν
464 1687 656 1777 πρώτιστον
678 1687 781 1775 αὐτὴν
802 1702 858 1758 καὶ
880 1693 918 1759 τὰ
940 1692 1041 1781 βάρος
1063 1693 1204 1780 άφείλον

217 1789 386 1860 ἐπυλλίοις
407 1795 463 1852 καὶ
486 1788 687 1877 περιπάτοις
707 1798 764 1856 καὶ
785 1794 966 1860 τευτλίοισι
988 1796 1113 1868 λευκοῖς

217 1890 317 1970 χυλὸν
340 1887 450 1964 διδους
472 1890 735 1974 στωμυλμάτων,
759 1888 828 1958 άπὸ
850 1895 986 1979 βιβλίων
1006 1891 1160 1982 ἀπηθῶν

217 1988 273 2058 εἶτ’
298 1988 482 2080 ἀνέτρεφον
504 1994 696 2081 μονῳδίαις,
720 1995 976 2081 Κηφισοφῶντα
997 1994 1111 2079 μιγνύς
1132 1999 1199 2062 κτλ.

176 2095 265 2183 ΩαυιΒ
282 2092 466 2180 verbaquid
489 2093 545 2157 sibi
570 2092 661 2157 velint
683 2097 801 2180 optime,
833 2098 864 2159 ni
887 2095 980 2172 fallor,
1004 2101 1169 2183 perspiciet,
1193 2102 1244 2186 qui

176 2188 286 2284 paucos
308 2195 449 2281 Aeschyli
474 2218 577 2260 versus
600 2201 816 2284 comparaverit
843 2221 910 2263 euru
938 2201 982 2276 iis,
1011 2203 1063 2287 qui
1089 2223 1126 2265 ex
1157 2201 1245 2266 Euri·

175 2298 252 2385 pidis
275 2297 343 2362 stilo
365 2310 577 2383 provenerunt.
622 2298 772 2382 Quantum
796 2304 872 2367 enim
895 2324 913 2364 a
934 2301 1012 2366 saltu
1034 2302 1124 2366 distat
1150 2304 1245 2389 plani·

175 2404 240 2474 tics,
274 2411 388 2464 tantum
423 2399 563 2463 abhorret
593 2401 713 2464 alterius
743 2405 899 2466 austeritas
926 2403 963 2466 ab
991 2405 1111 2469 alterius
1140 2417 1245 2469 rotim-

175 2502 273 2567 ditate.
330 2501 465 2588 Namque
502 2512 536 2564 ut
574 2504 632 2566 iam
668 2503 785 2590 singula
823 2504 1036 2590 perlustremus
1080 2507 1247 2592 ponderosa

175 2604 316 2691 Aeschyli
332 2603 476 2668 vocabula
495 2605 564 2667 talia
587 2616 679 2682 erant,
703 2618 737 2671 nt
756 2609 874 2671 nonnisi
896 2608 1079 2695 tragoediam
1102 2607 1247 2684 decerent,

175 2706 327 2794 Euripidis
350 2719 451 2772 contra
474 2706 562 2791 longe
584 2708 713 2794 plurima
735 2713 883 2781 suavitate
910 2732 998 2796 quam
1027 2713 1173 2795 gravitate
1202 2713 1248 2772 in-

175 2813 306 2897 signiora
329 2809 461 2896 adeoque
482 2822 546 2874 tum
570 2813 727 2875 universae
749 2812 830 2897 poesi
854 2822 917 2874 tum
940 2810 986 2872 vel
1015 2807 1160 2895 pedestris
1183 2830 1246 2872 ser·

176 2916 271 2976 monis
304 2915 474 2993 auctoribus
508 2925 685 2998 opportuna.
731 2912 830 2995 Quum
863 2910 1039 2998 Aeschylus,
1074 2913 1184 2997 ingenii
1217 2913 1246 2973 vi

176 3025 264 3102 atque
286 3017 398 3101 impetn
421 3014 570 3102 abreptus,
599 3019 628 3078 in
652 3013 812 3079 verborum
835 3012 1148 3100 comprehensionibus
1177 3035 1247 3077 con·

176 3118 308 3182 ficiendis
341 3120 418 3182 iusto
448 3118 566 3203 longius
593 3139 807 3203 nonnunquam
835 3116 1051 3203 progrediatur,
1077 3126 1137 3178 tam
1163 3114 1249 3178 seda·

177 3232 292 3284 tumet
320 3219 441 3306 aequale
470 3230 514 3282 est
541 3221 683 3281 orationis
706 3217 883 3303 Euripideae
912 3218 1032 3293 llumen,
1063 3229 1096 3279 ut
1122 3215 1159 3280 ed
1187 3216 1249 3280 elo-

177 3325 313 3409 quentiae
346 3319 470 3387 forensis
504 3332 533 3384 et
560 3318 704 3384 iudicialis
737 3319 961 3384 similitudinem
993 3341 1086 3406 prope
1120 3318 1248 3384 accedat.

175 3423 271 3487 Porro
294 3423 471 3509 Aeschylus,
494 3436 528 3488 ut
551 3434 613 3487 erat
634 3421 853 3509 dithyrambieo
875 3443 968 3509 paene
990 3420 1100 3497 lurore,
1124 3421 1249 3507 siugulis

177 3527 338 3590 enuntietis
367 3538 500 3590 accurate
527 3524 677 3590 nectendis
711 3547 818 3611 parum
848 3547 954 3612 operae
982 3527 1116 3600 navavit3
1151 3526 1248 3586 immo,

176 3631 245 3716 quia
267 3626 417 3714 gaudebat
440 3631 615 3693 inconcinna
637 3627 764 3715 quadam
790 3627 950 3692 verborum
973 3627 1194 3690 constructione
1220 3627 1251 3689 in

177 3733 277 3818 lyricis
299 3731 472 3817 praesertim
485 3731 620 3815 partibus
643 3730 746 3794 creber
761 3743 824 3794 emt
842 3729 993 3815 asyndctis
1012 3739 1041 3790 et
1057 3726 1249 3792 anacolutbis.

178 3834 296 3917 Quanto
323 3833 474 3897 remissior
495 3831 662 3918 Euripides,
694 3836 753 3919 qui,
784 3835 837 3894 etsi
865 3830 923 3893 illis
954 3827 1042 3893 rebus
1069 3832 1100 3892 in
1127 3828 1251 3893 choricis

178 3959 238 4001 non
260 3936 346 4023 plane
369 3933 496 4010 carebat,
519 3956 681 4021 numquam
702 3937 733 3997 in
756 3932 897 3997 diverbiis
920 3931 957 3995 ab
981 3932 1168 4019 elegantioris
1189 3946 1250 3989 ser-

179 4042 273 4103 monis
302 4040 465 4125 praeceptis
501 4037 665 4104 aberrabat.
712 4037 854 4122 Denique,
888 4047 922 4098 ut
960 4033 1089 4098 breviter
1117 4048 1250 4113 compre·

178 4141 313 4218 hebdam,
342 4163 404 4205 cam
429 4144 523 4204 omnis
546 4162 642 4204 sermo
664 4139 844 4224 Euripideus
874 4158 944 4223 prae
972 4157 1004 4200 se
1031 4134 1087 4199 sert
1116 4131 1250 4218 speeiem,

178 4257 213 4309 ut
234 4243 404 4330 longissime
427 4243 569 4309 recedens
590 4266 607 4306 a
629 4244 774 4306 concitato
797 4252 826 4304 et
846 4238 1031 4327 grandisono
1060 4234 1110 4298 illo
1132 4235 1252 4320 vpriscae
