3062 4834
180 197 205 268 8

179 395 357 478 quaerimus,
377 393 486 480 quibus
503 395 576 461 illud
597 399 626 461 in
646 397 736 467 rebus
754 403 885 484 positum
911 404 1172 483 animadvertatur,
1185 421 1249 474 tres

178 495 365 579 potissimum
393 497 520 563 invenio.
567 496 698 562 Primum
727 503 804 589 enim
833 505 864 566 in
892 503 1052 569 verborum
1080 505 1193 572 delectu
1222 523 1250 574 et

178 594 411 663 conformatione
434 619 468 661 eo
491 598 612 662 consilio
630 613 764 666 versatus
787 615 839 677 est,
861 615 896 667 ut
918 617 947 668 et
968 604 1069 670 lormis
1093 607 1249 674 dialecticis

177 696 346 783 frequenter
363 698 502 764 adhibitis
521 700 647 765 colorem
666 704 813 788 quendam
830 706 965 771 vividum
980 711 1107 772 sermoni
1120 709 1248 786 adderet,

148 830 151 837 .
178 811 207 862 et
229 798 328 862 verbis
350 812 401 864 aut
423 800 578 866 insolentia
607 807 772 890 conspicuis
800 818 851 870 aut
883 807 968 893 plane
989 813 1105 874 novatis
1127 810 1249 875 audien-

177 902 251 963 tium
279 905 391 967 animos
419 914 537 966 teneret.
583 904 662 968 Tum
690 907 772 993 quod
801 908 839 972 ad
869 912 1103 976 constructiones
1135 920 1247 998 syntac-

177 1004 249 1066 ticas
282 1005 394 1078 attinet,
429 1007 493 1067 avia
528 1017 556 1067 ct
588 1006 703 1070 insolita
739 1011 813 1071 miro
847 1011 947 1075 studio
984 1025 1168 1078 consectatus
1196 1027 1247 1090 est,

177 1106 289 1190 quippe
310 1126 386 1190 quae
409 1107 486 1168 tritis
509 1109 602 1192 magis
625 1106 729 1172 idonea
752 1130 815 1172 esse
837 1112 931 1196 probe
957 1117 1045 1178 sciret
1074 1115 1111 1178 ad
1136 1119 1249 1180 animos

177 1204 331 1270 hominum
365 1228 487 1271 suorum
519 1205 712 1273 admiratione
749 1209 935 1280 imbuendos.
988 1215 1121 1302 Denique
1156 1221 1251 1281 omnis

180 1311 299 1395 generis
321 1307 389 1371 luco
417 1310 546 1371 oratorio
574 1310 755 1397 tragoediam
786 1315 822 1377 de
849 1336 918 1378 vera
947 1315 1127 1381 sublimitate
1153 1317 1252 1382 detur·

177 1412 275 1476 batam
311 1412 511 1475 commenticia
545 1414 695 1477 maiestate
734 1414 857 1480 induere
898 1416 1025 1495 studuit3
1069 1441 1135 1482 nam
1176 1440 1251 1505 quae
1319 1450 1320 1453 ¹

179 1523 352 1578 ornamenta
381 1511 461 1598 apud
490 1513 667 1600 Sophoclem
700 1517 901 1582 incredibilem
930 1522 1056 1583 orationi
1091 1532 1120 1583 et
1149 1523 1250 1608 gravi·

176 1627 268 1679 tatem
290 1613 404 1678 addunt
427 1627 455 1677 et
477 1628 671 1693 venustatem,
695 1639 727 1680 ca
750 1620 830 1704 apud
852 1621 1026 1706 Euripidem
1050 1625 1170 1708 propria
1198 1645 1251 1687 sua

130 1729 131 1732 ’
175 1721 212 1782 vi‘
230 1739 325 1804 usque
347 1716 420 1781 adeo
443 1719 559 1803 privata
581 1730 652 1783 suut
673 1730 813 1806 tantaque
836 1743 901 1785 eum
926 1725 1148 1808 intemperantia
1164 1746 1251 1788 usur·

176 1831 295 1906 pantur,
318 1831 435 1883 utnon
458 1818 583 1882 multum
605 1819 704 1884 absint
725 1821 762 1885 ab
785 1824 865 1887 inani
889 1823 1049 1888 verborum
1071 1826 1180 1891 sonitu.
1210 1860 1250 1874 -

177 1921 335 2008 Quumque
367 1922 424 1984 tria
459 1920 506 1984 illa
541 1922 684 2007 exemplis
717 1923 812 1987 allatis
845 1924 963 2011 longius
994 1929 1130 2012 persequi
1159 1924 1251 1988 libelli

177 2025 323 2110 angustiis
346 2022 513 2116 prohibeor,
537 2026 608 2089 satis
631 2024 726 2089 habeo
749 2024 785 2089 de
808 2029 903 2102 tertio,
933 2029 984 2113 qui
1007 2029 1103 2113 magis
1124 2026 1161 2090 ad
1183 2026 1251 2089 rhe-

176 2128 288 2189 toricen
311 2136 424 2211 spectat
445 2126 510 2190 loco
533 2129 697 2201 accuratius
720 2129 760 2190 ita
783 2127 944 2214 disputare,
972 2140 1008 2193 ut
1035 2132 1163 2214 primum
1191 2127 1251 2192 dis·

176 2246 272 2291 seram
297 2227 333 2291 dc
355 2226 569 2304 allitteratione,
592 2241 657 2293 tum
680 2227 716 2292 de
739 2229 876 2313 antithesi
900 2242 929 2294 et
945 2250 1102 2317 oxymmn,
1127 2242 1194 2316 post
1216 2228 1252 2292 de

176 2329 358 2415 pleonasmo,
399 2328 503 2392 deinde
536 2330 572 2392 de
606 2329 766 2404 verborum
799 2329 1007 2395 iterationibus
1029 2331 1250 2407 <sehetliasticis

177 2431 303 2518 denique
325 2429 361 2493 de
385 2428 704 2498 circumlocutionibus.
731 2429 859 2495 Omnino
882 2444 990 2508 autern,
1014 2453 1106 2519 quum
1129 2435 1160 2496 in
1184 2433 1251 2496 tali-

178 2538 235 2600 bus
271 2531 354 2596 facile
391 2553 534 2620 agnoscas
573 2534 767 2597 iustitutionis
804 2533 983 2619 sophisticae
1009 2536 1144 2622 vestigia,
1173 2536 1251 2621 quid

177 2636 306 2700 valuerit
320 2633 500 2720 Protagoras
523 2633 566 2701 ad¹
584 2632 779 2698 excolendum
804 2656 968 2699 sermonem
982 2636 1175 2722 Euripideum
1199 2639 1251 2698 vix

178 2739 287 2825 poterit
306 2735 463 2800 ¹diiudicari
485 2735 552 2815 (cfr.
575 2735 760 2822 Bernhardy.
784 2739 815 2799 in
839 2734 943 2802 lirsch.
966 2748 997 2799 et
1017 2736 1110 2801 Grub.
1141 2734 1250 2819 encycl.

178 2841 201 2906 l.
224 2838 275 2917 39,
298 2852 348 2925 ρςζ
375 2836 468 2917 143);
491 2849 620 2902 attamen
641 2837 698 2902 hoc
721 2838 788 2902 licet
809 2859 864 2923 pro
887 2849 966 2902 certo
995 2834 1149 2912 affirmare,
1177 2834 1250 2897 illud

176 2943 299 3006 nimium
326 2939 490 3027 figurarum
519 2939 733 3004 rhetoricarum
766 2939 906 3016 studium,
943 2939 1025 3026 quod
1053 2937 1151 3002 multis
1179 2936 1250 3000 locis

178 3044 341 3129 exagitavit
363 3043 500 3119 comicus,
524 3041 644 3105 Prodici
666 3041 838 3127 disciplinae
860 3040 969 3107 deberi.

263 3143 287 3211 l.
311 3143 370 3227 Qui
392 3146 481 3208 animi
505 3142 631 3229 quadam
654 3142 803 3206 alacritate
825 3155 854 3205 et
874 3143 1043 3206 incitatione
1064 3161 1126 3204 rem
1148 3151 1251 3226 agunt,

177 3249 346 3333 saepissime
369 3246 464 3310 solent
486 3244 532 3308 vel
555 3244 717 3309 simillimas
741 3244 785 3307 vel
810 3265 933 3330 prorsus
955 3242 1072 3307 easdem
1094 3263 1183 3306 voces
1205 3263 1252 3305 re-

177 3362 284 3436 petere.
330 3348 424 3431 Quam
440 3348 559 3435 quidem
575 3358 698 3410 naturae
715 3346 808 3432 legem
824 3366 917 3432 quum
936 3357 1015 3411 reete
1032 3346 1253 3432 perspexissent

177 3462 283 3537 poetae
305 3460 428 3526 veteres,
452 3449 612 3513 verborum
635 3447 873 3512 allitterationem
902 3459 932 3511 et
960 3450 1144 3512 iterationem
1172 3444 1252 3509 baud

178 3552 394 3640 neglegendum
428 3562 574 3638 putarunt
602 3549 757 3615 artificium
786 3550 823 3614 ad
851 3549 1075 3617 describendam
1104 3549 1253 3613 incitatio·

177 3677 238 3722 rem
266 3656 372 3718 mentis
405 3653 615 3718 condicionem,
660 3652 810 3738 Imprimis
840 3663 938 3739 autem
968 3652 1063 3714 oratio
1091 3650 1277 3737 Euripides,

177 3778 319 3826 sonorum
343 3767 372 3820 et
392 3755 557 3820 litterarum
579 3753 775 3819 similitudine
804 3753 984 3829 luxuriatur,
1015 3753 1045 3818 id
1074 3753 1155 3839 quod
1182 3752 1252 3815 satis

177 3859 333 3949 apparebit
355 3880 392 3922 cx
415 3859 452 3921 iis
473 3878 551 3943 quae
571 3859 628 3920 iam
652 3855 796 3920 allaturus
818 3877 884 3921 sum
908 3854 1060 3941 exemplis.
1081 3848 1083 3852 ’
1105 3854 1251 3921 Similium

177 3963 403 4036 vocabulorum,
439 3978 617 4046 quamquam
644 3980 705 4022 non
732 3957 768 4023 de
800 3956 900 4022 eadem
929 3963 1027 4043 stirpe.
1057 3955 1251 4031 deductorum

178 4067 416 4130 allitterationcm
450 4060 544 4126 hahes
587 4060 638 4126 Or.
672 4059 736 4124 238
773 4064 833 4134 ἕως
876 4061 958 4127 ἐῶσι
1002 4051 1077 4126 e’ei
1116 4060 1254 4142 φρονεῖν

175 4170 319 4255 Epirote.
351 4164 476 4251 ‘IphA
508 4157 590 4233 651:
613 4161 726 4252 μακροὶ
749 4161 811 4250 γὰρ
835 4151 1083 4248 ἣμῖνῆ’πιοῦσ’
1100 4153 1254 4225 ἀπουσία
1412 4161 1415 4165 ’
