3062 4834
243 260 290 332 1⁴2

240 459 442 544 Πολυνείκην
470 458 579 546 πατὴρ
607 456 708 524 ἔθετό
735 479 790 524 σοι
815 463 897 546 θείη
911 468 1054 549 προνοίη
1077 468 1208 530 νεικέων
1230 463 1315 531 ἐπῶ-

240 581 352 642 νυμον
380 558 431 627 eir.
467 559 558 625 1494
594 561 697 626 Senes.
727 560 840 685 Oedip.
874 518 953 635 315)
993 561 1030 686 de
1068 563 1205 650 Apolline
1242 565 1313 654 (·lrg

241 710 315 828 δ’δν
336 710 464 852 βροτοῖς
486 760 596 852 ὀρθῶς
617 727 725 841 καλεῖ)
741 763 777 828 δε
794 763 928 852 Oedipo(
918 765 1049 839 (.Phoen
1060 764 1125 844 26).
1147 765 1309 834 Cloeliam

240 862 307 951 lph.
331 863 423 931 Taur.
445 864 496 932 32.
520 865 583 953 lph.
607 867 642 934 A.
665 864 738 935 321.
762 863 854 933 1457.
900 865 951 934 Or.
977 864 1068 934 1635.
1113 867 1220 959 Suppl.
1242 867 1312 953 496,

326 964 365 1032 11.
410 966 526 1036 Sedet
554 970 611 1033 iam
638 969 676 1033 ad
701 972 889 1057 propositum
916 981 1110 1047 revertamur,
1134 970 1226 1036 altero
1248 973 1316 1038 loeo

241 1067 419 1134 disseramus
441 1069 478 1133 de
500 1070 638 1134 antithesi
661 1084 690 1136 at
711 1093 867 1159 oxymoro.
897 1073 942 1137 Ao
965 1076 1071 1137 mirum
1094 1085 1238 1161 quantum
1260 1073 1312 1140 do·

241 1171 341 1236 leotari
363 1170 535 1258 Euripidem
557 1173 647 1237 rebus
670 1176 825 1239 contrariis
848 1194 915 1238 eum
938 1180 1134 1240 ostentatione
1156 1179 1303 1264 oppositis

239 1272 322 1338 facile
344 1274 567 1360 exspectaverit,
590 1278 642 1361 qui
664 1279 803 1340 memoria
824 1286 913 1352 tenet,
940 1296 1014 1362 quae
1045 1274 1082 1340 do
1109 1289 1214 1365 poetae
1240 1301 1312 1343 eon·

241 1375 306 1440 silio
328 1396 419 1462 snpra
441 1378 641 1463 exposuimus.
686 1380 785 1465 Atque
807 1389 841 1442 ut
863 1377 900 1443 ab
923 1381 959 1442 iis
982 1377 1130 1455 exordiar,
1153 1400 1229 1467 quae
1256 1383 1312 1445 mi·

241 1480 351 1543 nimam
373 1476 484 1543 hahent
505 1477 706 1558 offensionem,
731 1479 826 1545 affero·
843 1481 936 1549 Andr.
959 1477 1037 1546 742:
1067 1479 1212 1570 σώφρων
1233 1476 1312 1549 καθ’

241 1576 338 1667 ἡμᾶς,
376 1575 520 1669 σώφρον’
559 1578 794 1671 ἀντιλήψεται,
839 1581 1050 1666 θυμούμενος
1092 1583 1127 1648 δὲ
1165 1582 1317 1662 τεύξεται

241 1684 474 1764 θυμουμένων,
507 1683 632 1770 ἔργοισι
668 1680 782 1768 δ’ἔρηα
817 1678 953 1767 διάδοχῖ
982 1680 1210 1770 ἀντιλήψεται.
1255 1681 1315 1751 Cir.

242 1779 313 1848 Her.
335 1776 407 1849 809.
445 1780 536 1848 1189.
579 1784 692 1852 Pleraei.
718 1779 793 1850 554.
836 1783 984 1871 imprimis
1007 1782 1118 1869 gaudet
1139 1787 1315 1871 opposuisse

242 1879 428 1972 πράγματα
457 1897 486 1948 et
511 1887 604 1975 ἔργα,
632 1889 731 1969 σῶμα
759 1897 788 1950 et
815 1880 934 1969 6νομα,
962 1885 1120 1966 γλῶσσαν
1148 1896 1177 1949 et
1200 1890 1315 1972 φρένα.

242 1983 308 2050 Hel.
331 1981 408 2048 286:
441 1993 510 2060 τοῖς
537 1985 735 2075 πράγμασιν
760 1990 920 2072 τέθνηκα,
957 1991 1026 2060 τοῖς
1053 1982 1234 2074 δ’ἒρηοισιν
1266 1981 1315 2053 ού.

242 2085 309 2175 Iph.
332 2085 369 2154 T.
392 2082 469 2154 504:
491 2086 530 2154 τὸ
553 2092 651 2170 σῶμα
673 2086 792 2161 θύσεις
813 2082 947 2171 τούμύν,
969 2083 1042 2167 oripi
1064 2080 1220 2171 τούνομα.
1264 2087 1315 2154 Or.

243 2185 316 2256 390.
347 2185 422 2257 454.
463 2187 554 2276 Hipp.
586 2185 659 2258 501.
705 2189 767 2256 Hel.
799 2185 872 2255 601.
918 2187 1006 2276 Hipp.
1030 2186 1108 2251 61²2:
1142 2183 1160 2273 Γη
1191 2184 1315 2269 γλῶσσ’

244 2286 399 2375 δμῶμοχ’,
414 2286 431 2376 ip
454 2291 491 2355 δὲ
513 2291 598 2377 φρὴν
620 2287 799 2376 ἀνώμοτος.
812 2327 857 2341 -
878 2290 1041 2378 Aliquanto
1064 2288 1240 2358 insolentius
1262 2313 1316 2378 ep·

174 2421 178 2426 ·
245 2394 340 2481 posite
363 2394 612 2517 coniunguptur
609 2387 645 2459 εύ
667 2396 773 2466 κακῶς
794 2393 881 2460 simil
913 2391 978 2516 lph.
1002 2391 1126 2459 Α.378;
1156 2391 1321 2476 βούλομαι

170 2510 172 2513 ’
246 2491 283 2562 σ’
312 2494 421 2560 ελπεῖν
442 2498 548 2568 κακῶς
578 2489 622 2560 εὖ.
666 2493 732 2580 lph.
756 2494 793 2562 T.
815 2492 892 2560 559.
920 2493 964 2567 ῶς
992 2517 1027 2560 ευ
1057 2492 1159 2559 κακῶν
1193 2494 1323 2558 δίκαιον

243 2592 460 2685 εἶςεπραξατο
484 2595 560 2674 (vid
582 2607 681 2663 annot
706 2595 826 2674 Kliohl.)
882 2596 948 2684 lph.
969 2599 1005 2662 A
1028 2593 1106 2660 466:
1133 2590 1171 2660 ori
1199 2578 1323 2660 σονετά

246 2699 397 2770 συνετῶς.
441 2697 600 2785 Proprium
633 2709 729 2764 autom
764 2701 909 2763 sermonis
941 2697 1094 2786 Euripidei
1128 2717 1250 2760 acumen
1279 2728 1322 2742 -

245 2818 407 2886 numquam
430 2804 507 2864 enim
529 2799 576 2864 vel
600 2802 748 2865 rarissime
771 2800 829 2869 hoe
851 2799 1053 2886 deprehendas
1076 2796 1157 2882 apud
1179 2796 1252 2858 alios
1279 2828 1320 2839 -

245 2906 278 2972 in
300 2922 334 2966 eo
355 2905 486 2990 positum
510 2914 561 2981 est,
584 2902 667 2990 quod
690 2926 776 2991 saepe
802 2916 888 2992 poeta
917 2904 1004 2966 alieni
1032 2919 1174 2988 personae
1200 2897 1242 2958 ita
1268 2893 1321 2956 ali-

247 3003 320 3091 quid
350 3003 494 3130 attrihqit,
527 3018 561 3071 ut
593 3009 732 3094 proximo
765 3006 858 3071 verbo
891 3006 988 3068 statim
1020 3001 1105 3066 tollat
1145 2996 1213 3076 Or.
1241 2991 1320 3063 904ι

243 3101 394 3194 Ἀργεῖος
421 3104 479 3174 οὐκ
501 3104 683 3197 ἈργεῖοςΓς
712 3108 793 3196 quod
822 3110 944 3173 nimium
973 3100 1133 3190 captandae
1160 3099 1322 3185 elegantiae

248 3205 422 3274 studium
413 3232 443 3274 m
476 3208 609 3275 acerbam
643 3208 852 3297 Aristophanis
891 3208 1017 3272 incurrit
1052 3201 1321 3323 reqirehonsiopem.

250 3308 325 3377 Nam
357 3332 449 3398 quum
482 3311 555 3378 Eur
588 3311 652 3382 Alc.
682 3310 745 3376 591
780 3333 871 3376 εοεαε
903 3320 979 3374 esset
1011 3309 1103 3376 ε’στιν
1132 3326 1169 3369 τε
1195 3296 1321 3369 xoilxso’

249 3411 350 3480 ἔστιν
373 3412 420 3479 lll.
442 3410 565 3480 391·
553 3410 630 3479 ότε
652 3414 771 3502 πυρῶν
794 3411 812 3478 ὅ
834 3408 903 3479 τού
926 3411 1057 3498 νεαρῶν,
1080 3407 1168 3475 elusit
1193 3404 1322 3468 cominus

248 3511 326 3578 hano
346 3514 530 3581 subtiliorem
552 3515 725 3603 disputandi
747 3517 890 3580 rationem
913 3516 943 3578 in
958 3510 1199 3579 Acharnensibus
1219 3527 1247 3572 r.
1258 3499 1322 3568 395

249 3637 325 3704 seq·
317 3619 399 3683 .uhi
421 3618 499 3684 Dio·
523 3619 659 3686 tvoost
641 3614 707 3686 εστ
733 3614 927 3706 Ειριπίδηςς

251 3717 357 3806 Ceph:
401 3744 460 3786 ουκ
482 3721 578 3787 ενδον
599 3721 697 3788 ενδον
719 3721 825 3797 ἐστίν,
849 3718 879 3785 εἰ
899 3714 1029 3801 γνῶμην
1051 3715 1145 3794 ἔχεις.

250 3822 332 3888 Die:
401 3823 480 3895 Πῶς
502 3821 611 3899 ἔνδον,
635 3817 692 3887 εἶτ’
717 3816 775 3885 οὗν
798 3819 905 3896 ἔνδονς
929 3814 1019 3904 Ceph.
1045 3810 1166 3903 ὀρθῶς,
1180 3807 1320 3899 ῶηέρον.

402 3918 419 3990 δ
442 3926 518 3997 νοῦς
539 3927 601 4006 μὲν
623 3923 683 4002 ἔξω
704 3923 866 4001 ξυλλέγων
887 3918 1030 3987 ἐπύλλια

404 4020 462 4093 oin
484 4024 594 4103 ἔνδον,
618 4018 718 4096 αύτδς
740 4018 774 4087 δ’
798 4021 895 4090 ἔνδον
916 4017 1088 4108 ἀναβάδην
1110 4021 1203 4085 ποιεί

403 4127 601 4216 τραγῳδίαν.
645 4124 708 4191 Dio.
732 4118 757 4189 ῶ
780 4118 988 4213 τριςμακάρά
1013 4117 1190 4209 Εύρνπίδη,

404 4223 457 4295 ὅθ’
482 4223 501 4294 Γ
524 4227 640 4302 δοῦλος
663 4222 786 4296 ούτιοσῐ
807 4229 924 4313 σοφῶς
945 4220 1171 4309 ὑποκρίνεται.
1204 4230 1223 4239 “
