3062 4834
212 268 260 343 211

211 469 356 533 iterantur
378 466 522 533 voeabula
544 467 718 554 plerumque
741 479 811 531 stant
831 468 945 545 brevia3
967 469 1111 556 longiora,
1134 481 1169 533 ut
1184 473 1280 535 καθι-

211 568 385 654 κετεόομαι
422 569 489 647 (Or.
512 567 590 648 323)
621 567 892 658 κατολοφύρομαι
909 569 985 646 (ibd.
1000 570 1079 655 339)
1101 569 1286 658 ἀρμάτειον,

166 732 168 737 .
212 665 394 756 ἁρμάτειον
414 673 512 756 μέλος
535 668 725 749 (001384)
749 693 817 735 raro
840 671 989 759 duplicata
1011 674 1161 762 leguntur.
1186 672 1281 757 Saepe

212 773 299 835 etiam
323 775 362 836 ita
385 795 431 838 res
454 775 627 850 instituitur,
650 785 685 838 ut
708 778 831 839 verbum
854 778 1050 861 compositum
1066 777 1195 863 excipiat
1209 776 1280 837 sim-

212 873 295 959 plex:
323 874 358 938 de
388 897 446 963 qua
474 898 505 939 re
533 875 601 940 vide
629 897 704 963 quae
733 879 886 941 annotavit
914 876 1032 965 Pflugk.
1061 878 1099 944 ad
1121 878 1184 943 Ale.
1207 876 1279 947 400.

211 974 357 1063 Exempla
381 989 477 1043 autem
501 977 572 1042 haee
594 988 675 1042 sunt:
714 978 776 1043 Ale.
798 977 875 1047 40οε
919 976 1114 1048 ιῗπάκουσον
1136 975 1281 1046 ἄκουσον

212 1076 272 1145 ibd.
289 1077 365 1143 872:
389 1076 501 1168 πρόβα
516 1076 628 1167 πρόβα
642 1084 727 1164 βᾶθι
741 1085 860 1153 κεῦθος
876 1083 980 1147 ollone.
1005 1081 1074 1148 Hae.
1090 1081 1165 1149 167:
1189 1077 1280 1147 ἀποι-

212 1176 324 1248 λέσαά
349 1177 505 1246 ὠλέσατε.
533 1180 611 1247 Med.
634 1178 730 1247 1252:
758 1177 899 1246 κατέδετ’
923 1183 1011 1248 ίδετε
1032 1182 1096 1248 τάν
1118 1179 1281 1266 ὀλομέναν

212 1290 359 1365 γυναῖκα.
383 1278 434 1345 Or.
451 1281 525 1345 149:
548 1277 687 1369 πρόσιθ’
705 1278 862 1368 ἀτρέμας,
886 1279 1031 1371 ἀτρέμας
1046 1285 1108 1348 ἴθι.
1130 1282 1191 1349 ibt.
1204 1281 1278 1346 181:

213 1377 397 1466 διοιχόμεθ’
422 1380 597 1466 οἷχόμεδα.
622 1382 681 1449 ibd.
699 1377 797 1447 1465:
818 1380 888 1450 :to’
913 1382 1051 1465 ἀνίαχεν
1073 1387 1167 1465 ἴαχεν
1181 1388 1281 1469 οἴμοι.

217 1522 250 1534 -
277 1484 394 1568 Quibus
410 1483 540 1570 adiungo
557 1484 612 1549 alia
628 1506 721 1571 pauca
744 1486 957 1552 vocabulorum
981 1488 1154 1551 iteratorum
1178 1509 1281 1551 eumu-

214 1587 323 1651 latione
345 1589 511 1672 eonspieua.
535 1585 605 1652 Hee.
628 1585 706 1651 688:
736 1583 851 1656 ἄπιστ’
881 1584 1026 1667 ἀπιστα,
1056 1590 1155 1655 καινοὶ
1182 1589 1282 1655 καινοὶ

214 1690 379 1778 δέρκομαι.
407 1688 471 1753 Ale.
498 1687 575 1756 270:
607 1693 707 1755 τέκνα
734 1686 818 1756 τέκν’
847 1685 954 1756 οάκέτι
982 1690 1021 1776 δή
1043 1685 1153 1758 οόκέτι
1173 1689 1281 1779 μα’τιγρ
1385 1740 1389 1744 -
1430 1710 1434 1713 ’

214 1796 311 1878 σφῷν
333 1791 433 1856 ἔστιν.
457 1788 567 1855 Plroen.
586 1787 682 1858 150οι
704 1792 761 1858 ἐπὶ
785 1788 924 1878 δάκροσι
947 1789 1115 1880 δάκρυσιν,
1132 1786 1157 1858 ἀ
1173 1792 1282 1878 δόμος.

213 1890 273 1960 ibd.
290 1889 388 1957 1725:
404 1891 491 1959 Oet:
515 1894 554 1958 lei
570 1895 608 1961 lei
625 1892 731 1971 δεινοί,
754 1888 831 1958 δείν’
848 1892 917 1974 teo*
935 1890 1022 1966 τλάς.
1048 1895 1131 1960 Ant:
1153 1899 1189 1959 τί
1201 1893 1282 1970 τλάς

213 1999 248 2059 τί
260 1992 361 2072 τλάς,·
376 1993 426 2061 Or.
440 1993 514 2059 149:
530 1993 652 2077 κάταγε
666 1991 801 2076 κάταγε,
816 1988 948 2080 πρόςιο’
965 1988 1122 2079 ἀτρέμας,
1138 1990 1283 2085 ἀτρέμας

214 2098 275 2162 tao.
308 2094 368 2163 ibd.
385 2095 458 2162 163:
503 2091 614 2170 ἀδικος
637 2090 737 2163 ἀδικα
758 2091 825 2162 τότ’
849 2092 892 2180 ἀρ
915 2096 1031 2161 ἔλακεν
1053 2094 1177 2163 ἔλακεν.
1221 2095 1283 2164 ibd.

216 2196 312 2265 1426:
341 2203 496 2288 Φρυγίοις
527 2199 643 2279 έτυχον
672 2200 869 2288 Φρυγίοισιν
889 2194 1002 2283 νόμοις
1024 2195 1119 2285 παρὰ
1145 2195 1283 2288 βόστρυ-

214 2325 275 2382 χον
296 2294 403 2389 αόραν
425 2295 533 2388 αόραν
558 2297 698 2373 Ἑλένας
720 2297 858 2372 Ἑλένας
881 2293 1002 2379 εόπάγι
1025 2296 1130 2387 κόκλῳ
1154 2349 1283 2370 .....

215 2396 345 2489 ᾄσσων,
369 2422 443 2487 quae
465 2412 563 2464 tamen
578 2400 666 2487 longe
681 2411 841 2486 exsuperat
855 2412 955 2464 tumor
978 2399 1034 2465 loei
1050 2401 1128 2465 illius
1146 2402 1282 2478 Helenae,

216 2524 276 2590 quo
298 2503 346 2567 illa
370 2505 495 2591 coniuge
517 2514 635 2588 recepto
658 2525 774 2567 summo
796 2502 907 2590 gaudio
930 2502 1076 2569 exsultat:
1100 2501 1242 2586 (aetna)

310 2591 515 2691 πόσινέμόν
537 2606 617 2690 ε’μδν
639 2605 758 2691 έχομεν
779 2605 910 2690 ἔχομεν,
934 2603 972 2670 ὃν
994 2605 1111 2689 έμενον

301 2709 418 2792 έμενον
440 2708 475 2775 ἐκ
502 2708 623 2794 Τροίας
644 2708 787 2793 πολυετίγ
809 2708 932 2791 μολεῖν.
956 2746 996 2756 -

217 2809 279 2874 lam
303 2831 373 2873 vero
397 2808 472 2874 hane
495 2808 618 2895 figuram
635 2830 846 2895 saepenumero
869 2811 909 2873 ita
924 2812 1062 2896 usurpari
1078 2808 1115 2875 ab
1131 2810 1283 2897 Euripide,

218 2924 252 2975 ut
274 2914 417 2976 enuntiati
440 2934 543 2977 sensus
566 2934 626 2976 nou
647 2923 705 2976 tam
722 2911 872 2998 postulare
888 2933 975 2998 quam
992 2933 1130 2998 respuere
1147 2911 1285 2975 videatur

217 3018 399 3081 iterationem
429 3017 550 3079 summis
579 3013 785 3079 tautummodo
816 3013 969 3079 affectibus
991 3036 1166 3090 concessam,
1195 3016 1219 3077 si
1243 3034 1284 3089 ea,

217 3138 292 3203 quae
315 3116 435 3204 protuli,
458 3116 589 3182 nondum
613 3115 805 3204 comprobare
827 3119 988 3203 potuerint,
1011 3114 1041 3179 hi
1064 3127 1141 3180 eerte
1157 3115 1211 3179 loci
1234 3115 1286 3179 de·

218 3220 435 3287 monstrabunt.
480 3219 544 3306 lph.
568 3219 604 3288 T.
625 3219 702 3284 721³

303 3318 373 3388 ἀλλ’
398 3324 490 3390 ἔστιν
511 3324 605 3390 ἔστιν
625 3315 644 3409 λγ
664 3323 742 3388 λίαν
764 3320 947 3409 δοςπραξία

303 3425 380 3489 λίαν
401 3425 543 3491 διδοῦσα
563 3422 751 3509 μεταβολὰς
773 3417 856 3489 ὅταν
877 3418 967 3516 τόχρ.

219 3525 269 3591 ubi
292 3547 385 3612 qutun
408 3526 501 3594 ἔστιν
516 3547 575 3589 nou
598 3527 695 3612 possit
716 3524 813 3588 valere
836 3535 908 3602 ‚,est,
933 3525 1035 3590 existit
1057 3521 1217 3609 prolecto“,
1234 3520 1287 3586 sed

218 3629 318 3716 potius
348 3627 490 3695 διδοόσά
520 3629 613 3695 έστιν
641 3650 680 3693 ex
706 3627 820 3715 poetiea
850 3623 1063 3690 consuetudine
1090 3627 1220 3712 positum
1250 3626 1289 3687 sit

218 3752 273 3818 pro
297 3730 423 3806 δίδωσι,
446 3752 506 3795 non
529 3730 624 3795 solum
648 3729 797 3817 languida,
826 3727 948 3792 sedvel
976 3749 1115 3814 perversa
1138 3739 1182 3792 est
1206 3725 1288 3790 verbi

218 3833 396 3899 substantivi
428 3834 552 3901 iteratio.
585 3871 627 3880 —-
661 3831 727 3918 lph.
759 3827 904 3896 A.1‘285
936 3851 1012 3916 serp:
1045 3832 1196 3917 Πρίαμος
1230 3824 1288 3894 tae

219 3940 303 4003 ποτὲΙ
326 3937 447 4021 βρέφος
468 3931 603 4001 ἁπαλόν
625 3933 745 4018 ἔβαλε.
769 3986 776 3999 .
800 3929 947 4021 .Πόριν,
970 3930 1006 4007 ὃς
1023 3927 1147 4004 Ἰδαῖος
1164 3927 1290 4003 Ἰδαίας

220 4032 337 4118 ἐλέγετ’
367 4032 485 4118 ἐλέγετ’
515 4035 551 4102 ἐν
581 4038 722 4124 Φρυγῶν
749 4033 847 4101 πόλει
885 4054 943 4119 qua
974 4033 1093 4119 quidem
1125 4028 1289 4116 anadiplosi

222 4137 294 4221 quid
326 4151 424 4222 potest
456 4140 581 4225 eogitari
614 4137 764 4202 ieiunius?
811 4134 894 4201 Adde
927 4135 1041 4217 Phoen.
1078 4131 1142 4196 822
1173 4129 1291 4217 (έδάρν

222 4237 336 4325 ἐδάρν)
370 4238 437 4323 lph.
469 4242 503 4307 Α.
539 4239 600 4303 183
634 4240 719 4330 (ἔριν
751 4239 844 4327 ἔριν).
870 4275 907 4283 -
943 4237 1043 4319 Quare
1074 4257 1132 4299 non
1167 4254 1291 4320 possum
