3062 4834
479 1134 480 1138 ‡
584 1142 858 1360 vita.

288 1501 385 1601 Ego,
417 1501 609 1599 Georgius
639 1498 858 1574 Fridericus
888 1499 1083 1598 Augustus
1117 1497 1277 1574 Carolus

180 1618 344 1715 ‘Riecln
371 1632 485 1693 natus
512 1645 595 1693 sum
622 1615 818 1692 Strelitiae
842 1617 990 1714 Novae,
1017 1617 1058 1690 in
1085 1617 1180 1692 urbe
1195 1616 1277 1692 Me-

212 1739 491 1838 galopolitana,
507 1762 541 1811 a.
557 1737 591 1813 d.
603 1735 708 1810 VIII.
728 1735 818 1810 Kal.
840 1734 943 1835 Sept.
973 1735 1064 1810 anni
1082 1748 1169 1833 post
1187 1734 1276 1810 Chr.

211 1883 249 1929 u.
276 1854 515 1931 MDOOOLI.
568 1855 684 1929 Pater
711 1855 889 1954 optimus,
924 1854 990 1952 qui
1016 1855 1278 1952 praeceptoris

212 2000 415 2074 rerumque
442 2000 639 2049 sacrarum
663 1973 881 2049 administri
907 1997 1064 2047 munere
1088 1971 1277 2070 fungeba-

212 2105 286 2188 tur,
331 2119 477 2167 summo
516 2119 601 2167 meo
641 2118 728 2167 cum
767 2091 910 2186 dolore,
952 2117 1069 2190 quum
1107 2091 1175 2164 vix
1211 2115 1279 2166 sex
1310 2070 1324 2123 i

213 2237 333 2286 annos
360 2222 472 2285 natus
508 2236 641 2307 essem,
673 2211 881 2285 immatura
914 2221 1035 2284 morte
1068 2209 1279 2284 exstinctus

213 2335 293 2426 est3
328 2343 491 2404 matrem
527 2328 804 2404 amatissimam
846 2328 972 2403 adhuc
1018 2353 1099 2403 esse
1146 2354 1279 2427 super-

215 2450 343 2523 stitem
361 2448 608 2523 vehementer
622 2448 785 2547 gaudeo.
821 2447 958 2522 Fidem
980 2473 1118 2546 sequor
1136 2447 1279 2522 Luthe-

213 2593 359 2642 ranam.
396 2605 435 2619 -
479 2566 563 2641 Iam
595 2564 644 2640 ab
676 2566 833 2640 ineunte
869 2578 997 2641 aetate
1035 2565 1280 2664 antiquitatis

213 2686 342 2760 studia
365 2711 507 2783 magno
536 2710 664 2759 amore
690 2684 891 2782 amplexus
918 2709 1012 2759 sum.
1054 2683 1163 2775 Quae
1196 2684 1280 2783 qui-

213 2803 300 2878 dem
332 2803 460 2878 studia
486 2801 691 2902 Gymnasii
727 2799 910 2898 Oarolini,
949 2801 1051 2900 quod
1084 2799 1280 2876 Strelitiae

213 2920 349 2995 Novae
390 2934 458 3017 cst,
498 2933 768 3021 praeceptores
814 2946 892 2995 non
929 2919 1173 3017 mediocriter
1213 2918 1280 2993 ad-

213 3039 391 3113 iuverunt
420 3051 458 3113 et
483 3052 526 3114 ut
550 3040 600 3114 ad
626 3040 843 3115 uberiorem
871 3039 1011 3113 artium
1038 3038 1184 3114 fontem
1217 3037 1282 3112 de-

214 3157 434 3232 scenderem
483 3158 766 3234 adolescentem
806 3158 1097 3234 admonuerunt.
1146 3156 1282 3256 Itaque

215 3301 332 3373 quum
363 3301 464 3351 anno
500 3277 639 3352 aetatis
674 3277 965 3377 undevigesimo
1003 3276 1097 3351 satis
1130 3275 1283 3350 viderer

213 3392 433 3492 profecisse,
461 3407 504 3470 ut
529 3396 579 3471 ad
597 3422 726 3471 sacras
745 3395 944 3471 Musarum
970 3396 1080 3470 sedes
1098 3422 1177 3472 non
1200 3396 1282 3470 sine

213 3510 341 3587 fructu
369 3539 520 3611 possem
553 3515 747 3611 accedere,
779 3514 917 3588 relicta
948 3513 1077 3613 patria
1108 3514 1283 3615 Lipsiam

213 3642 274 3703 r'ne
314 3632 459 3706 contuli
498 3645 536 3707 et
574 3659 714 3709 nomen
755 3633 859 3732 apud
895 3632 1122 3708 facultatem
1154 3634 1282 3733 philo-

214 3747 413 3847 sophicam
441 3750 545 3849 dedi3
579 3752 670 3827 inde
702 3763 839 3827 exacto
870 3750 1028 3826 biennio
1061 3751 1284 3827 Berolinum

213 3869 500 3967 transmigravi.
551 3868 715 3946 interfui
742 3870 883 3946 scholis
911 3871 1081 3947 virorum
1108 3870 1282 3945 doctissi-

212 4011 375 4061 morum:
403 3986 642 4084 Broclrhaus,
662 3988 829 4086 Curtius,
848 3988 1050 4087 Drobisch,
1071 3989 1282 4085 Fritzschc,

212 4101 375 4201 Ritsohl,
393 4105 586 4205 Zarnolre3
609 4106 763 4204 Harms,
781 4106 929 4207 Haupt,
947 4107 1121 4204 Htibner,
1139 4107 1282 4182 Kirch-

214 4220 307 4320 hoff,
333 4221 578 4301 Mtillenhoff:
606 4223 745 4325 quibus
772 4224 961 4323 omnibus,
989 4226 1133 4328 optime
1156 4226 1203 4302 de
1221 4252 1306 4302 me
