<?xml version="1.0" encoding="UTF-8"?>
<!DOCTYPE html PUBLIC "-//W3C//DTD XHTML 1.0 Transitional//EN"
    "http://www.w3.org/TR/xhtml1/DTD/xhtml1-transitional.dtd">
<html xmlns="http://www.w3.org/1999/xhtml" xml:lang="en" lang="en">
 <head>
  <title>
</title>
<meta http-equiv="Content-Type" content="text/html;charset=utf-8" />
  <meta name='ocr-system' content='tesseract 3.04.00' />
  <meta name='ocr-capabilities' content='ocr_page ocr_carea ocr_par ocr_line ocrx_word'/>
</head>
<body>
  <div class='ocr_page' id='page_1' title='image "./deproprietatibu00riecgoog_0030.png"; bbox 0 0 3062 4834; ppageno 0'>
   <div class='ocr_carea' id='block_1_1' title="bbox 1273 227 1321 298">
    <p class='ocr_par' dir='ltr' id='par_1_1' title="bbox 1273 227 1321 298">
     <span class='ocr_line' id='line_1_1' title="bbox 1273 227 1321 298; baseline 0 0"><span class='ocrx_word' id='word_1_1' title='bbox 1273 227 1321 298; x_wconf 84' lang='lat'><strong>25</strong></span> 
     </span>
    </p>
   </div>
   <div class='ocr_carea' id='block_1_2' title="bbox 165 424 1325 3155">
    <p class='ocr_par' dir='ltr' id='par_1_2' title="bbox 253 424 1323 1000">
     <span class='ocr_line' id='line_1_2' title="bbox 253 424 1322 513; baseline 0.002 -24"><span class='ocrx_word' id='word_1_2' title='bbox 253 427 388 490; x_wconf 82' lang='lat' dir='ltr'>assentiri</span> <span class='ocrx_word' id='word_1_3' title='bbox 422 424 567 512; x_wconf 71' lang='lat' dir='ltr'><strong>lldeblyq</strong></span> <span class='ocrx_word' id='word_1_4' title='bbox 603 428 654 512; x_wconf 89' lang='lat' dir='ltr'><strong>qui</strong></span> <span class='ocrx_word' id='word_1_5' title='bbox 687 425 724 490; x_wconf 93' lang='lat' dir='ltr'><strong>ad</strong></span> <span class='ocrx_word' id='word_1_6' title='bbox 758 425 823 513; x_wconf 91' lang='lat' dir='ltr'><strong>lph.</strong></span> <span class='ocrx_word' id='word_1_7' title='bbox 848 425 885 493; x_wconf 89' lang='lat' dir='ltr'><strong>T.</strong></span> <span class='ocrx_word' id='word_1_8' title='bbox 909 447 935 491; x_wconf 89' lang='lat' dir='ltr'><strong>v.</strong></span> <span class='ocrx_word' id='word_1_9' title='bbox 961 425 1022 488; x_wconf 87' lang='lat'><strong>138</strong></span> <span class='ocrx_word' id='word_1_10' title='bbox 1054 447 1216 512; x_wconf 84' lang='lat' dir='ltr'><strong>numquam</strong></span> <span class='ocrx_word' id='word_1_11' title='bbox 1245 425 1322 491; x_wconf 90' lang='lat' dir='ltr'><strong>banc</strong></span> 
     </span>
     <span class='ocr_line' id='line_1_3' title="bbox 253 527 1321 614; baseline 0.002 -24"><span class='ocrx_word' id='word_1_12' title='bbox 253 528 380 614; x_wconf 82' lang='lat' dir='ltr'><strong>figuram</strong></span> <span class='ocrx_word' id='word_1_13' title='bbox 402 530 464 591; x_wconf 91' lang='lat' dir='ltr'><strong>sine</strong></span> <span class='ocrx_word' id='word_1_14' title='bbox 486 528 591 592; x_wconf 86' lang='lat' dir='ltr'><strong>idonea</strong></span> <span class='ocrx_word' id='word_1_15' title='bbox 615 548 704 592; x_wconf 90' lang='lat' dir='ltr'><strong>causa</strong></span> <span class='ocrx_word' id='word_1_16' title='bbox 732 551 749 591; x_wconf 92' lang='lat' dir='ltr'><strong>a</strong></span> <span class='ocrx_word' id='word_1_17' title='bbox 777 540 863 614; x_wconf 89' lang='lat' dir='ltr'><strong>pocta</strong></span> <span class='ocrx_word' id='word_1_18' title='bbox 891 527 1046 591; x_wconf 81' lang='lat' dir='ltr'>admissam</span> <span class='ocrx_word' id='word_1_19' title='bbox 1070 549 1133 591; x_wconf 90' lang='lat' dir='ltr'><strong>esse</strong></span> <span class='ocrx_word' id='word_1_20' title='bbox 1155 527 1321 606; x_wconf 73' lang='lat' dir='ltr'><strong>contendit,</strong></span> 
     </span>
     <span class='ocr_line' id='line_1_4' title="bbox 253 628 1322 718; baseline 0.003 -26"><span class='ocrx_word' id='word_1_21' title='bbox 253 633 342 693; x_wconf 90' lang='lat' dir='ltr'><strong>immo</strong></span> <span class='ocrx_word' id='word_1_22' title='bbox 375 633 488 715; x_wconf 89' lang='lat' dir='ltr'><strong>optimo</strong></span> <span class='ocrx_word' id='word_1_23' title='bbox 521 633 586 694; x_wconf 91' lang='lat' dir='ltr'><strong>iure</strong></span> <span class='ocrx_word' id='word_1_24' title='bbox 619 633 724 715; x_wconf 78' lang='lat' dir='ltr'>tragici</span> <span class='ocrx_word' id='word_1_25' title='bbox 758 630 972 715; x_wconf 77' lang='lat' dir='ltr'>neglegentiam</span> <span class='ocrx_word' id='word_1_26' title='bbox 1006 628 1078 692; x_wconf 92' lang='lat' dir='ltr'><strong>mibi</strong></span> <span class='ocrx_word' id='word_1_27' title='bbox 1105 629 1222 695; x_wconf 91' lang='lat' dir='ltr'><strong>videtur</strong></span> <span class='ocrx_word' id='word_1_28' title='bbox 1254 652 1322 718; x_wconf 89' lang='lat' dir='ltr'><strong>per·</strong></span> 
     </span>
     <span class='ocr_line' id='line_1_5' title="bbox 253 729 1321 818; baseline 0.005 -24"><span class='ocrx_word' id='word_1_29' title='bbox 253 733 409 795; x_wconf 81' lang='lat' dir='ltr'><strong>strinxisse</strong></span> <span class='ocrx_word' id='word_1_30' title='bbox 436 731 664 818; x_wconf 77' lang='lat' dir='ltr'><strong>Aristophanes,</strong></span> <span class='ocrx_word' id='word_1_31' title='bbox 697 735 747 818; x_wconf 92' lang='lat' dir='ltr'><strong>qui</strong></span> <span class='ocrx_word' id='word_1_32' title='bbox 775 734 805 795; x_wconf 90' lang='lat' dir='ltr'><strong>in</strong></span> <span class='ocrx_word' id='word_1_33' title='bbox 834 731 986 795; x_wconf 88' lang='lat' dir='ltr'><strong>Ranarum</strong></span> <span class='ocrx_word' id='word_1_34' title='bbox 1017 729 1119 795; x_wconf 88' lang='lat' dir='ltr'><strong>fabula</strong></span> <span class='ocrx_word' id='word_1_35' title='bbox 1144 732 1214 797; x_wconf 90' lang='lat' dir='ltr'><strong>inde</strong></span> <span class='ocrx_word' id='word_1_36' title='bbox 1240 755 1265 798; x_wconf 90' lang='lat' dir='ltr'><strong>a.</strong></span> <span class='ocrx_word' id='word_1_37' title='bbox 1292 756 1321 799; x_wconf 86' lang='lat' dir='ltr'><strong>v.</strong></span> 
     </span>
     <span class='ocr_line' id='line_1_6' title="bbox 255 830 1323 921; baseline 0.002 -24"><span class='ocrx_word' id='word_1_38' title='bbox 255 832 339 900; x_wconf 83' lang='lat'><strong>1330</strong></span> <span class='ocrx_word' id='word_1_39' title='bbox 359 830 450 897; x_wconf 80' lang='lat' dir='ltr'><strong>facete</strong></span> <span class='ocrx_word' id='word_1_40' title='bbox 478 832 613 897; x_wconf 86' lang='lat' dir='ltr'><strong>deridens</strong></span> <span class='ocrx_word' id='word_1_41' title='bbox 630 831 796 897; x_wconf 82' lang='lat' dir='ltr'><strong>&#39;monodias</strong></span> <span class='ocrx_word' id='word_1_42' title='bbox 817 831 994 920; x_wconf 84' lang='lat' dir='ltr'><strong>Euripideas</strong></span> <span class='ocrx_word' id='word_1_43' title='bbox 1022 854 1060 897; x_wconf 90' lang='lat' dir='ltr'><strong>ue</strong></span> <span class='ocrx_word' id='word_1_44' title='bbox 1084 832 1176 902; x_wconf 86' lang='lat' dir='ltr'><strong>huius</strong></span> <span class='ocrx_word' id='word_1_45' title='bbox 1203 834 1323 921; x_wconf 91' lang='lat' dir='ltr'><strong>quidem</strong></span> 
     </span>
     <span class='ocr_line' id='line_1_7' title="bbox 254 933 736 1000; baseline 0.002 -1"><span class='ocrx_word' id='word_1_46' title='bbox 254 933 476 1000; x_wconf 76' lang='lat' dir='ltr'><strong>consuetudinis</strong></span> <span class='ocrx_word' id='word_1_47' title='bbox 499 936 652 999; x_wconf 90' lang='lat' dir='ltr'><strong>immemor</strong></span> <span class='ocrx_word' id='word_1_48' title='bbox 673 933 736 1000; x_wconf 86' lang='lat' dir='ltr'><strong>luit.</strong></span> 
     </span>
    </p>

    <p class='ocr_par' dir='ltr' id='par_1_3' title="bbox 319 1031 942 1120">
     <span class='ocr_line' id='line_1_8' title="bbox 319 1031 942 1120; baseline 0.002 -19"><span class='ocrx_word' id='word_1_49' title='bbox 319 1033 416 1101; x_wconf 85' lang='lat'><strong>1353:</strong></span> <span class='ocrx_word' id='word_1_50' title='bbox 453 1037 526 1120; x_wconf 78' lang='grc' dir='ltr'><em>ἐμοὶ</em></span> <span class='ocrx_word' id='word_1_51' title='bbox 549 1031 652 1117; x_wconf 73' lang='grc' dir='ltr'><strong>δ’άχέ</strong></span> <span class='ocrx_word' id='word_1_52' title='bbox 677 1032 763 1118; x_wconf 82' lang='grc' dir='ltr'><em>άχεα</em></span> <span class='ocrx_word' id='word_1_53' title='bbox 784 1040 942 1103; x_wconf 72' lang='grc' dir='ltr'><em>κατέλιπε</em></span> 
     </span>
    </p>

    <p class='ocr_par' dir='ltr' id='par_1_4' title="bbox 457 1134 1048 1227">
     <span class='ocr_line' id='line_1_9' title="bbox 457 1134 1048 1227; baseline -0.002 -23"><span class='ocrx_word' id='word_1_54' title='bbox 457 1137 584 1226; x_wconf 82' lang='grc' dir='ltr'><em>δάκρυα</em></span> <span class='ocrx_word' id='word_1_55' title='bbox 607 1136 733 1227; x_wconf 75' lang='grc' dir='ltr'><em>δάκραά</em></span> <span class='ocrx_word' id='word_1_56' title='bbox 755 1134 781 1203; x_wconf 77' lang='grc' dir='ltr'><strong>τ’</strong></span> <span class='ocrx_word' id='word_1_57' title='bbox 807 1135 864 1204; x_wconf 75' lang='grc' dir='ltr'><strong>ἀπ’</strong></span> <span class='ocrx_word' id='word_1_58' title='bbox 890 1134 1048 1223; x_wconf 78' lang='grc' dir='ltr'><em>ὀμμάτων</em></span> 
     </span>
    </p>

    <p class='ocr_par' dir='ltr' id='par_1_5' title="bbox 251 1234 1322 1508">
     <span class='ocr_line' id='line_1_10' title="bbox 460 1234 1190 1324; baseline -0.001 -18"><span class='ocrx_word' id='word_1_59' title='bbox 460 1240 581 1324; x_wconf 74' lang='grc' dir='ltr'><em>ἔβαλον</em></span> <span class='ocrx_word' id='word_1_60' title='bbox 601 1240 723 1323; x_wconf 74' lang='grc' dir='ltr'><em>ἔβαλον</em></span> <span class='ocrx_word' id='word_1_61' title='bbox 745 1234 767 1302; x_wconf 85' lang='grc' dir='ltr'><strong>δι</strong></span> <span class='ocrx_word' id='word_1_62' title='bbox 789 1237 932 1323; x_wconf 81' lang='grc' dir='ltr'><em>τλάμων.</em></span> <span class='ocrx_word' id='word_1_63' title='bbox 1069 1293 1071 1299; x_wconf 57' lang='grc'>,</span> <span class='ocrx_word' id='word_1_64' title='bbox 1183 1244 1190 1259; x_wconf 71' lang='lat'><em>‘</em></span> 
     </span>
     <span class='ocr_line' id='line_1_11' title="bbox 251 1333 1322 1428; baseline -0.001 -24"><span class='ocrx_word' id='word_1_65' title='bbox 251 1342 301 1407; x_wconf 83' lang='lat' dir='ltr'><strong>cir.</strong></span> <span class='ocrx_word' id='word_1_66' title='bbox 326 1339 420 1406; x_wconf 82' lang='lat'><strong>1337.</strong></span> <span class='ocrx_word' id='word_1_67' title='bbox 445 1333 538 1408; x_wconf 88' lang='lat'><strong>1352.</strong></span> <span class='ocrx_word' id='word_1_68' title='bbox 586 1339 679 1405; x_wconf 88' lang='lat' dir='ltr'><strong>Kock.</strong></span> <span class='ocrx_word' id='word_1_69' title='bbox 702 1340 740 1404; x_wconf 89' lang='lat' dir='ltr'><strong>ad</strong></span> <span class='ocrx_word' id='word_1_70' title='bbox 762 1340 837 1405; x_wconf 89' lang='lat' dir='ltr'><strong>Rau.</strong></span> <span class='ocrx_word' id='word_1_71' title='bbox 860 1340 878 1404; x_wconf 92' lang='lat' dir='ltr'><strong>l.</strong></span> <span class='ocrx_word' id='word_1_72' title='bbox 901 1340 919 1406; x_wconf 91' lang='lat' dir='ltr'><strong>l.</strong></span> <span class='ocrx_word' id='word_1_73' title='bbox 944 1379 983 1390; x_wconf 87' lang='lat'>—</span> <span class='ocrx_word' id='word_1_74' title='bbox 1017 1340 1078 1406; x_wconf 91' lang='lat' dir='ltr'><strong>Sed</strong></span> <span class='ocrx_word' id='word_1_75' title='bbox 1100 1341 1136 1405; x_wconf 91' lang='lat' dir='ltr'><strong>de</strong></span> <span class='ocrx_word' id='word_1_76' title='bbox 1159 1339 1322 1428; x_wconf 88' lang='lat' dir='ltr'><strong>anadiplosi</strong></span> 
     </span>
     <span class='ocr_line' id='line_1_12' title="bbox 251 1442 1171 1508; baseline -0.005 -2"><span class='ocrx_word' id='word_1_77' title='bbox 251 1442 323 1507; x_wconf 88' lang='lat' dir='ltr'><strong>haec</strong></span> <span class='ocrx_word' id='word_1_78' title='bbox 347 1443 501 1508; x_wconf 92' lang='lat' dir='ltr'><strong>hactenus.</strong></span> <span class='ocrx_word' id='word_1_79' title='bbox 1168 1470 1171 1481; x_wconf 68' lang='lat'><em>›</em></span> 
     </span>
    </p>

    <p class='ocr_par' dir='ltr' id='par_1_6' title="bbox 165 1541 1325 3155">
     <span class='ocr_line' id='line_1_13' title="bbox 337 1541 1322 1631; baseline 0.003 -25"><span class='ocrx_word' id='word_1_80' title='bbox 337 1542 372 1609; x_wconf 92' lang='lat' dir='ltr'><strong>V.</strong></span> <span class='ocrx_word' id='word_1_81' title='bbox 394 1543 507 1617; x_wconf 89' lang='lat' dir='ltr'><strong>Restat,</strong></span> <span class='ocrx_word' id='word_1_82' title='bbox 543 1555 577 1607; x_wconf 90' lang='lat' dir='ltr'><strong>ut</strong></span> <span class='ocrx_word' id='word_1_83' title='bbox 608 1542 644 1605; x_wconf 92' lang='lat' dir='ltr'><strong>de</strong></span> <span class='ocrx_word' id='word_1_84' title='bbox 672 1541 982 1607; x_wconf 84' lang='lat' dir='ltr'><strong>circumlocutionibus</strong></span> <span class='ocrx_word' id='word_1_85' title='bbox 1010 1541 1140 1607; x_wconf 91' lang='lat' dir='ltr'><strong>breviter</strong></span> <span class='ocrx_word' id='word_1_86' title='bbox 1167 1565 1322 1631; x_wconf 83' lang='lat' dir='ltr'><strong>exponam.</strong></span> 
     </span>
     <span class='ocr_line' id='line_1_14' title="bbox 247 1642 1322 1733; baseline 0.002 -24"><span class='ocrx_word' id='word_1_87' title='bbox 247 1642 312 1724; x_wconf 66' lang='lat' dir='ltr'><strong>&#39;cet</strong></span> <span class='ocrx_word' id='word_1_88' title='bbox 335 1668 410 1733; x_wconf 90' lang='lat' dir='ltr'><strong>quae</strong></span> <span class='ocrx_word' id='word_1_89' title='bbox 432 1656 638 1731; x_wconf 84' lang='lat' dir='ltr'><strong>exposuerunt</strong></span> <span class='ocrx_word' id='word_1_90' title='bbox 660 1644 692 1709; x_wconf 80' lang='lat' dir='ltr'><strong>ll.</strong></span> <span class='ocrx_word' id='word_1_91' title='bbox 716 1642 860 1711; x_wconf 89' lang='lat' dir='ltr'><strong>Schmidt.</strong></span> <span class='ocrx_word' id='word_1_92' title='bbox 883 1644 901 1709; x_wconf 92' lang='lat' dir='ltr'><strong>l.</strong></span> <span class='ocrx_word' id='word_1_93' title='bbox 925 1643 944 1709; x_wconf 84' lang='grc'>1.</span> <span class='ocrx_word' id='word_1_94' title='bbox 967 1643 987 1719; x_wconf 95' lang='lat' dir='ltr'><strong>l,</strong></span> <span class='ocrx_word' id='word_1_95' title='bbox 1021 1666 1071 1731; x_wconf 84' lang='lat' dir='ltr'><strong>pg.</strong></span> <span class='ocrx_word' id='word_1_96' title='bbox 1089 1643 1129 1708; x_wconf 90' lang='grc'><strong>17</strong></span> <span class='ocrx_word' id='word_1_97' title='bbox 1152 1667 1212 1731; x_wconf 91' lang='lat' dir='ltr'><strong>seq.</strong></span> <span class='ocrx_word' id='word_1_98' title='bbox 1244 1645 1322 1711; x_wconf 90' lang='lat' dir='ltr'><strong>Mat-</strong></span> 
     </span>
     <span class='ocr_line' id='line_1_15' title="bbox 251 1744 1322 1834; baseline 0.002 -24"><span class='ocrx_word' id='word_1_99' title='bbox 251 1747 339 1814; x_wconf 88' lang='lat' dir='ltr'><strong>tbiae.</strong></span> <span class='ocrx_word' id='word_1_100' title='bbox 367 1769 412 1834; x_wconf 84' lang='lat' dir='ltr'><strong>gr.</strong></span> <span class='ocrx_word' id='word_1_101' title='bbox 441 1768 487 1833; x_wconf 84' lang='lat' dir='ltr'><strong>gr.</strong></span> <span class='ocrx_word' id='word_1_102' title='bbox 518 1745 558 1812; x_wconf 89' lang='lat' dir='ltr'><strong>ll.</strong></span> <span class='ocrx_word' id='word_1_103' title='bbox 582 1767 632 1833; x_wconf 83' lang='lat' dir='ltr'><strong>pg.</strong></span> <span class='ocrx_word' id='word_1_104' title='bbox 662 1744 734 1812; x_wconf 84' lang='lat'><strong>797.</strong></span> <span class='ocrx_word' id='word_1_105' title='bbox 759 1754 838 1831; x_wconf 81' lang='lat' dir='ltr'><strong>seq.)</strong></span> <span class='ocrx_word' id='word_1_106' title='bbox 860 1781 901 1794; x_wconf 93' lang='lat'><strong>·—</strong></span> <span class='ocrx_word' id='word_1_107' title='bbox 929 1748 973 1812; x_wconf 80' lang='lat' dir='ltr'><strong>Ac</strong></span> <span class='ocrx_word' id='word_1_108' title='bbox 994 1750 1123 1833; x_wconf 91' lang='lat' dir='ltr'><strong>primum</strong></span> <span class='ocrx_word' id='word_1_109' title='bbox 1145 1747 1263 1834; x_wconf 89' lang='lat' dir='ltr'><strong>quidem</strong></span> <span class='ocrx_word' id='word_1_110' title='bbox 1286 1748 1322 1812; x_wconf 91' lang='lat' dir='ltr'><strong>de</strong></span> 
     </span>
     <span class='ocr_line' id='line_1_16' title="bbox 253 1846 1323 1935; baseline 0.001 -23"><span class='ocrx_word' id='word_1_111' title='bbox 253 1850 399 1914; x_wconf 91' lang='lat' dir='ltr'><strong>vocabulo</strong></span> <span class='ocrx_word' id='word_1_112' title='bbox 422 1850 532 1934; x_wconf 75' lang='grc' dir='ltr'><em>δέμας,</em></span> <span class='ocrx_word' id='word_1_113' title='bbox 563 1848 644 1934; x_wconf 92' lang='lat' dir='ltr'><strong>quod</strong></span> <span class='ocrx_word' id='word_1_114' title='bbox 672 1851 841 1934; x_wconf 88' lang='lat' dir='ltr'><strong>saepissime</strong></span> <span class='ocrx_word' id='word_1_115' title='bbox 869 1846 906 1912; x_wconf 92' lang='lat' dir='ltr'><strong>ab</strong></span> <span class='ocrx_word' id='word_1_116' title='bbox 931 1849 1073 1934; x_wconf 80' lang='lat' dir='ltr'><strong>Euripide</strong></span> <span class='ocrx_word' id='word_1_117' title='bbox 1101 1861 1266 1935; x_wconf 89' lang='lat' dir='ltr'><strong>usurpatur</strong></span> <span class='ocrx_word' id='word_1_118' title='bbox 1285 1848 1323 1913; x_wconf 94' lang='lat' dir='ltr'><strong>ad</strong></span> 
     </span>
     <span class='ocr_line' id='line_1_17' title="bbox 253 1948 1322 2038; baseline -0.002 -21"><span class='ocrx_word' id='word_1_119' title='bbox 253 1973 395 2038; x_wconf 88' lang='lat' dir='ltr'><strong>personae</strong></span> <span class='ocrx_word' id='word_1_120' title='bbox 428 1951 602 2036; x_wconf 86' lang='lat' dir='ltr'><strong>dignitatem</strong></span> <span class='ocrx_word' id='word_1_121' title='bbox 634 1953 698 2036; x_wconf 90' lang='lat' dir='ltr'><strong>ipsa</strong></span> <span class='ocrx_word' id='word_1_122' title='bbox 729 1948 889 2014; x_wconf 91' lang='lat' dir='ltr'><strong>verborum</strong></span> <span class='ocrx_word' id='word_1_123' title='bbox 918 1953 1063 2037; x_wconf 83' lang='lat' dir='ltr'><strong>gravitate</strong></span> <span class='ocrx_word' id='word_1_124' title='bbox 1091 1950 1322 2037; x_wconf 84' lang='lat' dir='ltr'><strong>exprimendam,</strong></span> 
     </span>
     <span class='ocr_line' id='line_1_18' title="bbox 254 2052 1322 2139; baseline -0.001 -22"><span class='ocrx_word' id='word_1_125' title='bbox 254 2075 389 2139; x_wconf 82' lang='lat' dir='ltr'><strong>magnam</strong></span> <span class='ocrx_word' id='word_1_126' title='bbox 418 2052 505 2117; x_wconf 90' lang='lat' dir='ltr'><strong>video</strong></span> <span class='ocrx_word' id='word_1_127' title='bbox 539 2055 615 2116; x_wconf 88' lang='lat' dir='ltr'><strong>inter</strong></span> <span class='ocrx_word' id='word_1_128' title='bbox 641 2054 721 2115; x_wconf 89' lang='lat' dir='ltr'><strong>viros</strong></span> <span class='ocrx_word' id='word_1_129' title='bbox 757 2052 860 2115; x_wconf 91' lang='lat' dir='ltr'><strong>doctos</strong></span> <span class='ocrx_word' id='word_1_130' title='bbox 884 2052 1072 2116; x_wconf 35' lang='lat' dir='ltr'><strong>,intercedere</strong></span> <span class='ocrx_word' id='word_1_131' title='bbox 1101 2052 1322 2118; x_wconf 88' lang='lat' dir='ltr'><strong>dissensionem.</strong></span> 
     </span>
     <span class='ocr_line' id='line_1_19' title="bbox 227 2152 1322 2242; baseline 0 -23"><span class='ocrx_word' id='word_1_132' title='bbox 227 2216 228 2219; x_wconf 74' lang='grc'>,</span> <span class='ocrx_word' id='word_1_133' title='bbox 253 2154 419 2220; x_wconf 85' lang='lat' dir='ltr'><strong>lllleudtius</strong></span> <span class='ocrx_word' id='word_1_134' title='bbox 441 2155 517 2217; x_wconf 89' lang='lat' dir='ltr'><strong>euim</strong></span> <span class='ocrx_word' id='word_1_135' title='bbox 540 2156 571 2217; x_wconf 90' lang='lat' dir='ltr'><strong>in</strong></span> <span class='ocrx_word' id='word_1_136' title='bbox 594 2153 651 2220; x_wconf 84' lang='lat' dir='ltr'><strong>lex.</strong></span> <span class='ocrx_word' id='word_1_137' title='bbox 676 2152 770 2238; x_wconf 89' lang='lat' dir='ltr'><strong>Sopb.</strong></span> <span class='ocrx_word' id='word_1_138' title='bbox 793 2164 862 2220; x_wconf 89' lang='lat' dir='ltr'><strong>tom.</strong></span> <span class='ocrx_word' id='word_1_139' title='bbox 889 2153 909 2220; x_wconf 88' lang='lat' dir='ltr'><strong>l.</strong></span> <span class='ocrx_word' id='word_1_140' title='bbox 933 2175 1001 2240; x_wconf 85' lang='lat' dir='ltr'><strong>pag.</strong></span> <span class='ocrx_word' id='word_1_141' title='bbox 1022 2153 1094 2220; x_wconf 94' lang='lat'><strong>407.</strong></span> <span class='ocrx_word' id='word_1_142' title='bbox 1117 2176 1204 2241; x_wconf 90' lang='lat' dir='ltr'><strong>saepe</strong></span> <span class='ocrx_word' id='word_1_143' title='bbox 1225 2159 1322 2242; x_wconf 89' lang='lat' dir='ltr'><strong>inepte</strong></span> 
     </span>
     <span class='ocr_line' id='line_1_20' title="bbox 255 2254 1321 2339; baseline 0 -19"><span class='ocrx_word' id='word_1_144' title='bbox 255 2256 309 2320; x_wconf 90' lang='lat' dir='ltr'><strong>bac</strong></span> <span class='ocrx_word' id='word_1_145' title='bbox 336 2257 484 2320; x_wconf 88' lang='lat' dir='ltr'><strong>locutione</strong></span> <span class='ocrx_word' id='word_1_146' title='bbox 514 2254 686 2339; x_wconf 80' lang='lat' dir='ltr'><strong>Euripidem</strong></span> <span class='ocrx_word' id='word_1_147' title='bbox 714 2276 801 2319; x_wconf 89' lang='lat' dir='ltr'><strong>usum</strong></span> <span class='ocrx_word' id='word_1_148' title='bbox 832 2276 895 2318; x_wconf 89' lang='lat' dir='ltr'><strong>esse</strong></span> <span class='ocrx_word' id='word_1_149' title='bbox 921 2255 1080 2333; x_wconf 87' lang='lat' dir='ltr'><strong>contendit,</strong></span> <span class='ocrx_word' id='word_1_150' title='bbox 1109 2259 1193 2321; x_wconf 88' lang='lat' dir='ltr'><strong>cuius</strong></span> <span class='ocrx_word' id='word_1_151' title='bbox 1220 2257 1321 2322; x_wconf 88' lang='lat' dir='ltr'><strong>iudicii</strong></span> 
     </span>
     <span class='ocr_line' id='line_1_21' title="bbox 256 2354 1323 2446; baseline 0.002 -26"><span class='ocrx_word' id='word_1_152' title='bbox 256 2370 345 2422; x_wconf 90' lang='lat' dir='ltr'><strong>testes</strong></span> <span class='ocrx_word' id='word_1_153' title='bbox 373 2356 458 2421; x_wconf 83' lang='lat' dir='ltr'><strong>affert</strong></span> <span class='ocrx_word' id='word_1_154' title='bbox 482 2355 552 2420; x_wconf 87' lang='lat' dir='ltr'><strong>Her.</strong></span> <span class='ocrx_word' id='word_1_155' title='bbox 580 2354 652 2420; x_wconf 90' lang='lat'><strong>724.</strong></span> <span class='ocrx_word' id='word_1_156' title='bbox 681 2355 731 2422; x_wconf 93' lang='lat' dir='ltr'><strong>0r.</strong></span> <span class='ocrx_word' id='word_1_157' title='bbox 755 2355 825 2432; x_wconf 89' lang='lat'><strong>107,</strong></span> <span class='ocrx_word' id='word_1_158' title='bbox 855 2359 999 2443; x_wconf 84' lang='lat' dir='ltr'><strong>imprimis</strong></span> <span class='ocrx_word' id='word_1_159' title='bbox 1027 2357 1073 2424; x_wconf 88' lang='lat' dir='ltr'><strong>El.</strong></span> <span class='ocrx_word' id='word_1_160' title='bbox 1103 2358 1201 2434; x_wconf 87' lang='grc'>1339;</span> <span class='ocrx_word' id='word_1_161' title='bbox 1234 2360 1323 2446; x_wconf 83' lang='lat' dir='ltr'><strong>longe</strong></span> 
     </span>
     <span class='ocr_line' id='line_1_22' title="bbox 256 2457 1322 2546; baseline 0.003 -23"><span class='ocrx_word' id='word_1_162' title='bbox 256 2458 460 2529; x_wconf 83' lang='lat' dir='ltr'><strong>tameualiter</strong></span> <span class='ocrx_word' id='word_1_163' title='bbox 487 2457 522 2521; x_wconf 91' lang='lat' dir='ltr'><strong>de</strong></span> <span class='ocrx_word' id='word_1_164' title='bbox 550 2458 651 2522; x_wconf 87' lang='lat' dir='ltr'><strong>eadem</strong></span> <span class='ocrx_word' id='word_1_165' title='bbox 673 2480 714 2534; x_wconf 88' lang='lat' dir='ltr'><strong>re,</strong></span> <span class='ocrx_word' id='word_1_166' title='bbox 742 2479 920 2546; x_wconf 89' lang='lat' dir='ltr'><strong>quamquam</strong></span> <span class='ocrx_word' id='word_1_167' title='bbox 950 2460 1037 2544; x_wconf 91' lang='lat' dir='ltr'><strong>plane</strong></span> <span class='ocrx_word' id='word_1_168' title='bbox 1063 2459 1165 2525; x_wconf 90' lang='lat' dir='ltr'><strong>iisdem</strong></span> <span class='ocrx_word' id='word_1_169' title='bbox 1187 2464 1322 2526; x_wconf 91' lang='lat' dir='ltr'><strong>versibus</strong></span> 
     </span>
     <span class='ocr_line' id='line_1_23' title="bbox 256 2559 1322 2646; baseline 0.002 -22"><span class='ocrx_word' id='word_1_170' title='bbox 256 2583 338 2636; x_wconf 91' lang='lat' dir='ltr'><strong>usus,</strong></span> <span class='ocrx_word' id='word_1_171' title='bbox 361 2563 466 2623; x_wconf 90' lang='lat' dir='ltr'><strong>statuit</strong></span> <span class='ocrx_word' id='word_1_172' title='bbox 488 2559 632 2636; x_wconf 86' lang='lat' dir='ltr'><strong>Klotzius,</strong></span> <span class='ocrx_word' id='word_1_173' title='bbox 656 2563 706 2646; x_wconf 92' lang='lat' dir='ltr'><strong>qui</strong></span> <span class='ocrx_word' id='word_1_174' title='bbox 728 2559 765 2622; x_wconf 92' lang='lat' dir='ltr'><strong>ad</strong></span> <span class='ocrx_word' id='word_1_175' title='bbox 787 2560 850 2645; x_wconf 93' lang='lat' dir='ltr'><strong>lpb.</strong></span> <span class='ocrx_word' id='word_1_176' title='bbox 872 2564 918 2626; x_wconf 67' lang='lat' dir='ltr'><strong>A.</strong></span> <span class='ocrx_word' id='word_1_177' title='bbox 932 2560 995 2623; x_wconf 83' lang='grc'>413</span> <span class='ocrx_word' id='word_1_178' title='bbox 1017 2563 1122 2641; x_wconf 85' lang='lat' dir='ltr'><strong>nimiae</strong></span> <span class='ocrx_word' id='word_1_179' title='bbox 1142 2562 1322 2628; x_wconf 79' lang='lat' dir='ltr'><strong>Ellendtium</strong></span> 
     </span>
     <span class='ocr_line' id='line_1_24' title="bbox 165 2661 1322 2750; baseline 0.003 -24"><span class='ocrx_word' id='word_1_180' title='bbox 165 2694 166 2697; x_wconf 38' lang='lat'>¹</span> <span class='ocrx_word' id='word_1_181' title='bbox 256 2664 420 2727; x_wconf 92' lang='lat' dir='ltr'><strong>severitatis</strong></span> <span class='ocrx_word' id='word_1_182' title='bbox 436 2664 557 2726; x_wconf 90' lang='lat' dir='ltr'><strong>incusat.</strong></span> <span class='ocrx_word' id='word_1_183' title='bbox 575 2661 678 2747; x_wconf 91' lang='lat' dir='ltr'><strong>ltaque</strong></span> <span class='ocrx_word' id='word_1_184' title='bbox 698 2673 732 2724; x_wconf 90' lang='lat' dir='ltr'><strong>ut</strong></span> <span class='ocrx_word' id='word_1_185' title='bbox 753 2663 816 2747; x_wconf 92' lang='lat' dir='ltr'><strong>ipse</strong></span> <span class='ocrx_word' id='word_1_186' title='bbox 832 2662 904 2748; x_wconf 90' lang='lat' dir='ltr'><strong>quid</strong></span> <span class='ocrx_word' id='word_1_187' title='bbox 920 2665 1042 2727; x_wconf 87' lang='lat' dir='ltr'><strong>sentiam</strong></span> <span class='ocrx_word' id='word_1_188' title='bbox 1057 2666 1159 2748; x_wconf 93' lang='lat' dir='ltr'><strong>paucis</strong></span> <span class='ocrx_word' id='word_1_189' title='bbox 1175 2661 1322 2750; x_wconf 88' lang='lat' dir='ltr'><strong>profitear,</strong></span> 
     </span>
     <span class='ocr_line' id='line_1_25' title="bbox 257 2761 1322 2851; baseline 0.002 -24"><span class='ocrx_word' id='word_1_190' title='bbox 257 2766 368 2827; x_wconf 89' lang='lat' dir='ltr'><strong>etiamsi</strong></span> <span class='ocrx_word' id='word_1_191' title='bbox 384 2783 545 2849; x_wconf 89' lang='lat' dir='ltr'><strong>numquam</strong></span> <span class='ocrx_word' id='word_1_192' title='bbox 561 2774 648 2848; x_wconf 90' lang='lat' dir='ltr'><strong>poeta</strong></span> <span class='ocrx_word' id='word_1_193' title='bbox 663 2761 842 2826; x_wconf 85' lang='lat' dir='ltr'><strong>substantivi</strong></span> <span class='ocrx_word' id='word_1_194' title='bbox 859 2766 918 2826; x_wconf 91' lang='lat' dir='ltr'><strong>vim</strong></span> <span class='ocrx_word' id='word_1_195' title='bbox 934 2762 1068 2827; x_wconf 77' lang='lat' dir='ltr'><strong>funditus</strong></span> <span class='ocrx_word' id='word_1_196' title='bbox 1089 2785 1243 2828; x_wconf 86' lang='lat' dir='ltr'><strong>enervasse</strong></span> <span class='ocrx_word' id='word_1_197' title='bbox 1265 2787 1322 2851; x_wconf 91' lang='lat' dir='ltr'><strong>pu-</strong></span> 
     </span>
     <span class='ocr_line' id='line_1_26' title="bbox 256 2864 1322 2950; baseline 0.001 -20"><span class='ocrx_word' id='word_1_198' title='bbox 256 2865 365 2930; x_wconf 90' lang='lat' dir='ltr'><strong>tandus</strong></span> <span class='ocrx_word' id='word_1_199' title='bbox 388 2875 440 2938; x_wconf 85' lang='lat' dir='ltr'><strong>est,</strong></span> <span class='ocrx_word' id='word_1_200' title='bbox 467 2876 564 2928; x_wconf 89' lang='lat' dir='ltr'><strong>tamen</strong></span> <span class='ocrx_word' id='word_1_201' title='bbox 587 2864 670 2928; x_wconf 92' lang='lat' dir='ltr'><strong>nullo</strong></span> <span class='ocrx_word' id='word_1_202' title='bbox 693 2864 781 2928; x_wconf 91' lang='lat' dir='ltr'><strong>modo</strong></span> <span class='ocrx_word' id='word_1_203' title='bbox 804 2868 913 2950; x_wconf 90' lang='lat' dir='ltr'><strong>poterit</strong></span> <span class='ocrx_word' id='word_1_204' title='bbox 934 2868 1044 2950; x_wconf 83' lang='lat' dir='ltr'><strong>negari,</strong></span> <span class='ocrx_word' id='word_1_205' title='bbox 1068 2887 1134 2929; x_wconf 89' lang='lat' dir='ltr'><strong>eum</strong></span> <span class='ocrx_word' id='word_1_206' title='bbox 1155 2864 1322 2932; x_wconf 86' lang='lat' dir='ltr'><strong>liberiorem</strong></span> 
     </span>
     <span class='ocr_line' id='line_1_27' title="bbox 256 2965 1325 3053; baseline 0.001 -21"><span class='ocrx_word' id='word_1_207' title='bbox 256 2980 390 3032; x_wconf 89' lang='lat' dir='ltr'><strong>secutum</strong></span> <span class='ocrx_word' id='word_1_208' title='bbox 414 2988 477 3031; x_wconf 84' lang='lat' dir='ltr'><strong>esse</strong></span> <span class='ocrx_word' id='word_1_209' title='bbox 498 2965 657 3030; x_wconf 90' lang='lat' dir='ltr'><strong>adhibendi</strong></span> <span class='ocrx_word' id='word_1_210' title='bbox 679 2968 831 3032; x_wconf 89' lang='lat' dir='ltr'><strong>rationem.</strong></span> <span class='ocrx_word' id='word_1_211' title='bbox 870 2967 1003 3030; x_wconf 92' lang='lat' dir='ltr'><strong>Primum</strong></span> <span class='ocrx_word' id='word_1_212' title='bbox 1026 2969 1102 3031; x_wconf 89' lang='lat' dir='ltr'><strong>enim</strong></span> <span class='ocrx_word' id='word_1_213' title='bbox 1126 2966 1200 3032; x_wconf 92' lang='lat' dir='ltr'><strong>illud</strong></span> <span class='ocrx_word' id='word_1_214' title='bbox 1222 2970 1325 3053; x_wconf 78' lang='grc' dir='ltr'><em>δέμας</em></span> 
     </span>
     <span class='ocr_line' id='line_1_28' title="bbox 255 3068 1322 3155; baseline 0 -22"><span class='ocrx_word' id='word_1_215' title='bbox 255 3073 365 3134; x_wconf 89' lang='lat' dir='ltr'><strong>usitata</strong></span> <span class='ocrx_word' id='word_1_216' title='bbox 387 3068 601 3155; x_wconf 85' lang='lat' dir='ltr'><strong>significatione</strong></span> <span class='ocrx_word' id='word_1_217' title='bbox 630 3070 670 3130; x_wconf 89' lang='lat' dir='ltr'><strong>ita</strong></span> <span class='ocrx_word' id='word_1_218' title='bbox 698 3069 808 3154; x_wconf 86' lang='lat' dir='ltr'><strong>posuit,</strong></span> <span class='ocrx_word' id='word_1_219' title='bbox 834 3080 869 3132; x_wconf 90' lang='lat' dir='ltr'><strong>ut</strong></span> <span class='ocrx_word' id='word_1_220' title='bbox 896 3068 1082 3155; x_wconf 84' lang='lat' dir='ltr'><strong>fragilitatem</strong></span> <span class='ocrx_word' id='word_1_221' title='bbox 1111 3072 1242 3155; x_wconf 92' lang='lat' dir='ltr'><strong>corporis</strong></span> <span class='ocrx_word' id='word_1_222' title='bbox 1266 3069 1322 3133; x_wconf 92' lang='lat' dir='ltr'><strong>bu·</strong></span> 
     </span>
    </p>
   </div>
   <div class='ocr_carea' id='block_1_3' title="bbox 144 3169 1322 3258">
    <p class='ocr_par' dir='ltr' id='par_1_7' title="bbox 144 3169 1322 3258">
     <span class='ocr_line' id='line_1_29' title="bbox 144 3169 1322 3258; baseline 0 -24"><span class='ocrx_word' id='word_1_223' title='bbox 144 3244 147 3250; x_wconf 89' lang='lat'><strong>.</strong></span> <span class='ocrx_word' id='word_1_224' title='bbox 257 3173 334 3234; x_wconf 91' lang='lat' dir='ltr'><strong>mani</strong></span> <span class='ocrx_word' id='word_1_225' title='bbox 364 3183 393 3233; x_wconf 89' lang='lat' dir='ltr'><strong>et</strong></span> <span class='ocrx_word' id='word_1_226' title='bbox 419 3169 648 3234; x_wconf 81' lang='lat' dir='ltr'><strong>imbecillitatem</strong></span> <span class='ocrx_word' id='word_1_227' title='bbox 678 3170 786 3234; x_wconf 87' lang='lat' dir='ltr'><strong>iudicet</strong></span> <span class='ocrx_word' id='word_1_228' title='bbox 813 3177 866 3251; x_wconf 84' lang='lat' dir='ltr'><strong>[ex</strong></span> <span class='ocrx_word' id='word_1_229' title='bbox 894 3192 941 3258; x_wconf 83' lang='lat' dir='ltr'><strong>gr.</strong></span> <span class='ocrx_word' id='word_1_230' title='bbox 964 3192 1080 3257; x_wconf 88' lang='lat' dir='ltr'><strong>semper</strong></span> <span class='ocrx_word' id='word_1_231' title='bbox 1101 3182 1265 3257; x_wconf 85' lang='lat' dir='ltr'><strong>usurpatur</strong></span> <span class='ocrx_word' id='word_1_232' title='bbox 1286 3169 1322 3234; x_wconf 81' lang='lat' dir='ltr'><strong>dc</strong></span> 
     </span>
    </p>
   </div>
   <div class='ocr_carea' id='block_1_4' title="bbox 256 3270 1323 3871">
    <p class='ocr_par' dir='ltr' id='par_1_8' title="bbox 256 3270 1323 3871">
     <span class='ocr_line' id='line_1_30' title="bbox 258 3270 1322 3359; baseline -0.003 -19"><span class='ocrx_word' id='word_1_233' title='bbox 258 3275 374 3348; x_wconf 83' lang='lat' dir='ltr'><strong>Oreste,</strong></span> <span class='ocrx_word' id='word_1_234' title='bbox 402 3275 487 3359; x_wconf 83' lang='lat' dir='ltr'><strong>gravi</strong></span> <span class='ocrx_word' id='word_1_235' title='bbox 514 3274 643 3336; x_wconf 87' lang='lat' dir='ltr'><strong>insaniae</strong></span> <span class='ocrx_word' id='word_1_236' title='bbox 670 3275 782 3359; x_wconf 87' lang='lat' dir='ltr'><strong>impetu</strong></span> <span class='ocrx_word' id='word_1_237' title='bbox 809 3271 932 3348; x_wconf 77' lang='lat' dir='ltr'><strong>alflict03</strong></span> <span class='ocrx_word' id='word_1_238' title='bbox 970 3272 1020 3337; x_wconf 87' lang='lat' dir='ltr'><strong>Or.</strong></span> <span class='ocrx_word' id='word_1_239' title='bbox 1050 3270 1118 3339; x_wconf 88' lang='grc'>166.</span> <span class='ocrx_word' id='word_1_240' title='bbox 1151 3270 1223 3338; x_wconf 84' lang='lat'><strong>218.</strong></span> <span class='ocrx_word' id='word_1_241' title='bbox 1250 3272 1322 3338; x_wconf 85' lang='lat'><strong>231.</strong></span> 
     </span>
     <span class='ocr_line' id='line_1_31' title="bbox 256 3373 1323 3460; baseline -0.003 -20"><span class='ocrx_word' id='word_1_242' title='bbox 256 3376 328 3442; x_wconf 89' lang='grc'>311.</span> <span class='ocrx_word' id='word_1_243' title='bbox 351 3373 441 3460; x_wconf 85' lang='grc'>403];</span> <span class='ocrx_word' id='word_1_244' title='bbox 470 3385 534 3438; x_wconf 89' lang='lat' dir='ltr'><strong>tum</strong></span> <span class='ocrx_word' id='word_1_245' title='bbox 558 3395 627 3437; x_wconf 90' lang='lat' dir='ltr'><strong>vero</strong></span> <span class='ocrx_word' id='word_1_246' title='bbox 652 3374 806 3438; x_wconf 89' lang='lat' dir='ltr'><strong>mulierum</strong></span> <span class='ocrx_word' id='word_1_247' title='bbox 831 3376 1040 3460; x_wconf 82' lang='lat' dir='ltr'><strong>virginumque</strong></span> <span class='ocrx_word' id='word_1_248' title='bbox 1066 3374 1252 3460; x_wconf 87' lang='lat' dir='ltr'><strong>potissimum</strong></span> <span class='ocrx_word' id='word_1_249' title='bbox 1279 3386 1323 3437; x_wconf 90' lang='lat' dir='ltr'><strong>te-</strong></span> 
     </span>
     <span class='ocr_line' id='line_1_32' title="bbox 257 3474 1322 3561; baseline -0.001 -21"><span class='ocrx_word' id='word_1_250' title='bbox 257 3499 356 3541; x_wconf 90' lang='lat' dir='ltr'><strong>neram</strong></span> <span class='ocrx_word' id='word_1_251' title='bbox 387 3487 416 3540; x_wconf 89' lang='lat' dir='ltr'><strong>et</strong></span> <span class='ocrx_word' id='word_1_252' title='bbox 442 3487 597 3540; x_wconf 88' lang='lat' dir='ltr'><strong>venustam</strong></span> <span class='ocrx_word' id='word_1_253' title='bbox 625 3474 752 3561; x_wconf 81' lang='lat' dir='ltr'><strong>figuram</strong></span> <span class='ocrx_word' id='word_1_254' title='bbox 780 3474 835 3539; x_wconf 88' lang='lat' dir='ltr'><strong>bac</strong></span> <span class='ocrx_word' id='word_1_255' title='bbox 862 3475 1120 3540; x_wconf 88' lang='lat' dir='ltr'><strong>circumlocutione</strong></span> <span class='ocrx_word' id='word_1_256' title='bbox 1142 3474 1198 3539; x_wconf 91' lang='lat' dir='ltr'><strong>sub</strong></span> <span class='ocrx_word' id='word_1_257' title='bbox 1220 3475 1322 3540; x_wconf 91' lang='lat' dir='ltr'><strong>oeulos</strong></span> 
     </span>
     <span class='ocr_line' id='line_1_33' title="bbox 258 3574 1322 3662; baseline 0.001 -21"><span class='ocrx_word' id='word_1_258' title='bbox 258 3579 354 3642; x_wconf 87' lang='lat' dir='ltr'><strong>voluit</strong></span> <span class='ocrx_word' id='word_1_259' title='bbox 374 3576 517 3642; x_wconf 85' lang='lat' dir='ltr'><strong>subicere.</strong></span> <span class='ocrx_word' id='word_1_260' title='bbox 540 3576 633 3644; x_wconf 81' lang='lat' dir='ltr'><strong>Andr.</strong></span> <span class='ocrx_word' id='word_1_261' title='bbox 650 3575 747 3642; x_wconf 85' lang='lat'><strong>1278:</strong></span> <span class='ocrx_word' id='word_1_262' title='bbox 771 3577 833 3643; x_wconf 85' lang='grc' dir='ltr'><strong>σὸν</strong></span> <span class='ocrx_word' id='word_1_263' title='bbox 854 3574 1032 3643; x_wconf 78' lang='grc' dir='ltr'><em>κάλλιστον</em></span> <span class='ocrx_word' id='word_1_264' title='bbox 1053 3578 1155 3662; x_wconf 80' lang='grc' dir='ltr'><em>δέμας</em></span> <span class='ocrx_word' id='word_1_265' title='bbox 1182 3577 1219 3642; x_wconf 90' lang='lat' dir='ltr'><strong>de</strong></span> <span class='ocrx_word' id='word_1_266' title='bbox 1241 3578 1322 3642; x_wconf 86' lang='lat' dir='ltr'><strong>The-</strong></span> 
     </span>
     <span class='ocr_line' id='line_1_34' title="bbox 256 3675 1323 3767; baseline 0.001 -23"><span class='ocrx_word' id='word_1_267' title='bbox 256 3680 333 3759; x_wconf 83' lang='lat' dir='ltr'><strong>tide3</strong></span> <span class='ocrx_word' id='word_1_268' title='bbox 356 3679 425 3746; x_wconf 88' lang='lat' dir='ltr'><strong>Hee.</strong></span> <span class='ocrx_word' id='word_1_269' title='bbox 449 3677 525 3760; x_wconf 82' lang='lat'>368:</span> <span class='ocrx_word' id='word_1_270' title='bbox 548 3680 629 3764; x_wconf 71' lang='grc' dir='ltr'><em>ἐμὸν</em></span> <span class='ocrx_word' id='word_1_271' title='bbox 650 3682 679 3746; x_wconf 88' lang='grc' dir='ltr'><strong>δ.</strong></span> <span class='ocrx_word' id='word_1_272' title='bbox 700 3679 737 3743; x_wconf 89' lang='lat' dir='ltr'><strong>de</strong></span> <span class='ocrx_word' id='word_1_273' title='bbox 758 3678 928 3764; x_wconf 82' lang='lat' dir='ltr'><strong>Polyxeua3</strong></span> <span class='ocrx_word' id='word_1_274' title='bbox 965 3677 1016 3745; x_wconf 87' lang='lat' dir='ltr'><strong>Or.</strong></span> <span class='ocrx_word' id='word_1_275' title='bbox 1040 3676 1116 3747; x_wconf 88' lang='lat'><strong>107:</strong></span> <span class='ocrx_word' id='word_1_276' title='bbox 1145 3675 1323 3767; x_wconf 75' lang='grc' dir='ltr'><strong>Ἑρμιόνης</strong></span> 
     </span>
     <span class='ocr_line' id='line_1_35' title="bbox 258 3776 1323 3871; baseline -0.003 -25"><span class='ocrx_word' id='word_1_277' title='bbox 258 3782 285 3850; x_wconf 90' lang='grc' dir='ltr'><strong>δ.</strong></span> <span class='ocrx_word' id='word_1_278' title='bbox 309 3782 355 3847; x_wconf 83' lang='grc'>111.</span> <span class='ocrx_word' id='word_1_279' title='bbox 372 3781 470 3847; x_wconf 80' lang='lat'><strong>1341:</strong></span> <span class='ocrx_word' id='word_1_280' title='bbox 492 3783 521 3846; x_wconf 90' lang='grc' dir='ltr'><strong>δ.</strong></span> <span class='ocrx_word' id='word_1_281' title='bbox 539 3778 734 3871; x_wconf 77' lang='grc' dir='ltr'><em>Ἠλέκτρας.</em></span> <span class='ocrx_word' id='word_1_282' title='bbox 757 3780 847 3867; x_wconf 84' lang='lat' dir='ltr'><strong>llipp.</strong></span> <span class='ocrx_word' id='word_1_283' title='bbox 871 3778 949 3846; x_wconf 88' lang='lat'><strong>138:</strong></span> <span class='ocrx_word' id='word_1_284' title='bbox 971 3779 1150 3868; x_wconf 75' lang='grc' dir='ltr'><em>Δάματρος</em></span> <span class='ocrx_word' id='word_1_285' title='bbox 1171 3781 1199 3846; x_wconf 95' lang='grc' dir='ltr'><strong>δ.</strong></span> <span class='ocrx_word' id='word_1_286' title='bbox 1213 3776 1323 3861; x_wconf 73' lang='lat' dir='ltr'><strong>dyada.</strong></span> 
     </span>
    </p>
   </div>
   <div class='ocr_carea' id='block_1_5' title="bbox 257 3878 1449 3971">
    <p class='ocr_par' dir='ltr' id='par_1_9' title="bbox 257 3878 1449 3971">
     <span class='ocr_line' id='line_1_36' title="bbox 257 3878 1449 3971; baseline -0.016 -24"><span class='ocrx_word' id='word_1_287' title='bbox 257 3883 323 3971; x_wconf 82' lang='lat' dir='ltr'><strong>lph.</strong></span> <span class='ocrx_word' id='word_1_288' title='bbox 340 3882 377 3949; x_wconf 88' lang='lat' dir='ltr'><strong>T.</strong></span> <span class='ocrx_word' id='word_1_289' title='bbox 395 3881 490 3950; x_wconf 81' lang='lat'><strong>1440:</strong></span> <span class='ocrx_word' id='word_1_290' title='bbox 507 3878 651 3970; x_wconf 70' lang='grc' dir='ltr'><em>ἀδελφῆς</em></span> <span class='ocrx_word' id='word_1_291' title='bbox 667 3882 693 3948; x_wconf 78' lang='grc' dir='ltr'><strong>ὁ.</strong></span> <span class='ocrx_word' id='word_1_292' title='bbox 717 3880 880 3950; x_wconf 59' lang='lat'><strong>021197:</strong></span> <span class='ocrx_word' id='word_1_293' title='bbox 904 3885 1088 3971; x_wconf 54' lang='lat' dir='ltr'><strong>capasiae,</strong></span> <span class='ocrx_word' id='word_1_294' title='bbox 1105 3882 1132 3948; x_wconf 81' lang='lat' dir='ltr'><strong>a,</strong></span> <span class='ocrx_word' id='word_1_295' title='bbox 1152 3881 1212 3948; x_wconf 64' lang='lat' dir='ltr'><strong>Ata,</strong></span> <span class='ocrx_word' id='word_1_296' title='bbox 1224 3879 1321 3943; x_wconf 84' lang='lat'><strong>1133:</strong></span> <span class='ocrx_word' id='word_1_297' title='bbox 1447 3935 1449 3938; x_wconf 15' lang='lat'><strong>⁴</strong></span> 
     </span>
    </p>
   </div>
   <div class='ocr_carea' id='block_1_6' title="bbox 258 3977 1323 4172">
    <p class='ocr_par' dir='ltr' id='par_1_10' title="bbox 258 3977 1323 4172">
     <span class='ocr_line' id='line_1_37' title="bbox 258 3977 1323 4072; baseline -0.015 -13"><span class='ocrx_word' id='word_1_298' title='bbox 258 3982 417 4072; x_wconf 60' lang='lat' dir='ltr'><strong>praeeras</strong></span> <span class='ocrx_word' id='word_1_299' title='bbox 438 3982 589 4065; x_wconf 66' lang='lat' dir='ltr'><strong>revereor</strong></span> <span class='ocrx_word' id='word_1_300' title='bbox 611 3977 702 4066; x_wconf 69' lang='grc' dir='ltr'><em>ὄμμα</em></span> <span class='ocrx_word' id='word_1_301' title='bbox 723 3993 779 4050; x_wconf 77' lang='grc' dir='ltr'><strong>καὶ</strong></span> <span class='ocrx_word' id='word_1_302' title='bbox 801 3986 910 4069; x_wconf 77' lang='grc' dir='ltr'><em>δέμας.</em></span> <span class='ocrx_word' id='word_1_303' title='bbox 932 3983 979 4051; x_wconf 84' lang='grc' dir='ltr'><strong>ΕΙ.</strong></span> <span class='ocrx_word' id='word_1_304' title='bbox 1002 3980 1078 4046; x_wconf 82' lang='lat'><strong>968:</strong></span> <span class='ocrx_word' id='word_1_305' title='bbox 1100 3981 1222 4069; x_wconf 72' lang='grc' dir='ltr'><em>μητρὸς</em></span> <span class='ocrx_word' id='word_1_306' title='bbox 1244 3981 1273 4045; x_wconf 87' lang='grc' dir='ltr'><strong>δ.</strong></span> <span class='ocrx_word' id='word_1_307' title='bbox 1289 3979 1323 4043; x_wconf 82' lang='lat' dir='ltr'><strong>cs.</strong></span> 
     </span>
     <span class='ocr_line' id='line_1_38' title="bbox 258 4079 1321 4172; baseline -0.001 -21"><span class='ocrx_word' id='word_1_308' title='bbox 258 4086 322 4152; x_wconf 85' lang='lat' dir='ltr'><strong>Hel.</strong></span> <span class='ocrx_word' id='word_1_309' title='bbox 344 4084 417 4153; x_wconf 83' lang='lat'><strong>383.</strong></span> <span class='ocrx_word' id='word_1_310' title='bbox 438 4081 510 4150; x_wconf 89' lang='lat'><strong>548.</strong></span> <span class='ocrx_word' id='word_1_311' title='bbox 544 4082 607 4149; x_wconf 91' lang='lat' dir='ltr'><strong>lon.</strong></span> <span class='ocrx_word' id='word_1_312' title='bbox 629 4079 702 4152; x_wconf 79' lang='lat'><strong>563.</strong></span> <span class='ocrx_word' id='word_1_313' title='bbox 735 4084 800 4172; x_wconf 91' lang='lat' dir='ltr'><strong>lpb.</strong></span> <span class='ocrx_word' id='word_1_314' title='bbox 823 4089 859 4150; x_wconf 87' lang='grc' dir='ltr'><strong>Α.</strong></span> <span class='ocrx_word' id='word_1_315' title='bbox 881 4083 954 4154; x_wconf 90' lang='lat'><strong>417.</strong></span> <span class='ocrx_word' id='word_1_316' title='bbox 990 4079 1211 4171; x_wconf 84' lang='lat' dir='ltr'><strong>Suppl1053.</strong></span> <span class='ocrx_word' id='word_1_317' title='bbox 1248 4081 1321 4150; x_wconf 92' lang='lat' dir='ltr'><strong>Tro.</strong></span> 
     </span>
    </p>
   </div>
   <div class='ocr_carea' id='block_1_7' title="bbox 258 4183 1323 4273">
    <p class='ocr_par' dir='ltr' id='par_1_11' title="bbox 258 4183 1323 4273">
     <span class='ocr_line' id='line_1_39' title="bbox 258 4183 1323 4273; baseline -0.004 -21"><span class='ocrx_word' id='word_1_318' title='bbox 258 4189 349 4257; x_wconf 90' lang='lat'><strong>1022.</strong></span> <span class='ocrx_word' id='word_1_319' title='bbox 373 4189 463 4256; x_wconf 88' lang='lat' dir='ltr'><strong>Rhes.</strong></span> <span class='ocrx_word' id='word_1_320' title='bbox 486 4184 560 4252; x_wconf 87' lang='grc'><strong>969,</strong></span> <span class='ocrx_word' id='word_1_321' title='bbox 587 4221 619 4235; x_wconf 82' lang='lat'><strong>-·</strong></span> <span class='ocrx_word' id='word_1_322' title='bbox 669 4187 770 4273; x_wconf 88' lang='lat' dir='ltr'><strong>Neque</strong></span> <span class='ocrx_word' id='word_1_323' title='bbox 795 4198 893 4252; x_wconf 90' lang='lat' dir='ltr'><strong>tamen</strong></span> <span class='ocrx_word' id='word_1_324' title='bbox 920 4185 1028 4249; x_wconf 90' lang='lat' dir='ltr'><strong>desunt</strong></span> <span class='ocrx_word' id='word_1_325' title='bbox 1053 4185 1121 4260; x_wconf 92' lang='lat' dir='ltr'><strong>loci,</strong></span> <span class='ocrx_word' id='word_1_326' title='bbox 1151 4183 1261 4272; x_wconf 91' lang='lat' dir='ltr'><strong>quibus</strong></span> <span class='ocrx_word' id='word_1_327' title='bbox 1283 4187 1323 4248; x_wconf 89' lang='lat' dir='ltr'><strong>ita</strong></span> 
     </span>
    </p>
   </div>
   <div class='ocr_carea' id='block_1_8' title="bbox 0 0 1545 4834">
    <p class='ocr_par' dir='ltr' id='par_1_12' title="bbox 0 0 1545 4834">
     <span class='ocr_line' id='line_1_40' title="bbox 0 0 1545 4834; baseline 0 0"><span class='ocrx_word' id='word_1_328' title='bbox 0 0 1545 4834; x_wconf 95' lang='lat' dir='ltr'><strong> </strong></span> 
     </span>
    </p>
   </div>
  </div>
 </body>
</html>
