3062 4834
1271 246 1293 316 7

219 432 388 535 tragoediae
420 469 526 534 genere
560 446 684 522 dicendi,
725 444 871 531 aequabili
912 456 940 507 et
978 442 1094 530 placido
1135 463 1224 506 cursu
1258 440 1296 504 ad

221 550 363 637 pedestris
399 552 540 614 orationis
568 551 705 635 viciniam
734 549 907 632 saepissime
932 543 1099 609 descendat.
1145 543 1206 606 lam
1236 564 1295 607 non

220 675 295 738 opus
333 664 394 715 erat
424 649 623 726 audientibus,
657 652 786 713 animum
820 650 850 710 in
882 650 959 711 vitae
993 646 1155 711 cotidianae
1184 648 1297 732 cogita·

219 754 352 818 tionibus
381 754 512 818 defixum
542 752 579 814 ad
606 753 769 836 superioris
803 750 905 815 mundi
939 747 1215 834 contemplationem
1243 769 1296 811 ex·

219 856 340 931 tollere3
364 854 436 918 haec
451 853 541 917 verba
565 864 649 916 erant
671 851 810 938 qualibus
831 853 1037 939 unusquisque
1058 852 1087 912 in
1110 849 1296 914 contionibus

219 957 360 1021 utebatur
382 967 411 1017 et
434 954 559 1030 iudiciis,
583 952 722 1017 omnibus
742 965 822 1030 nota,
846 954 984 1017 omnibus
997 954 1074 1018 trita.
1107 951 1174 1017 Non
1186 954 1293 1014 mirum

220 1061 321 1143 igitur,
356 1056 436 1142 quod
471 1056 526 1120 boc
558 1077 654 1142 genus
688 1054 804 1120 dicendi
838 1077 931 1142 quum
964 1054 1029 1118 aliis
1062 1053 1222 1141 probatum
1252 1064 1297 1116 est

221 1156 396 1222 hominibus
423 1158 663 1247 elegantioribus,
694 1170 759 1222 turn
792 1161 890 1244 ipsum
918 1154 1150 1242 Aristophanem
1184 1158 1298 1219 invenit

221 1259 413 1336 laudatorem,
449 1262 501 1346 qui
530 1263 689 1325 acerrimus
726 1263 824 1345 poesis
853 1258 1032 1346 Euripideae
1065 1261 1234 1322 aestimator
1260 1280 1296 1323 ne

222 1363 284 1447 ipse
308 1360 426 1448 quidem
451 1374 569 1426 veretur
592 1362 733 1448 profiteri,
757 1385 817 1426 non
841 1361 1000 1426 mediocres
1027 1383 1091 1425 sese
1120 1382 1158 1424 ex
1186 1362 1296 1425 inimici

221 1463 386 1528 elocutione
412 1463 526 1528 fructus
559 1466 733 1550 percepisse.
767 1463 932 1529 Scholiasta
965 1465 1040 1527 enirn
1080 1463 1211 1527 Platonis
1225 1500 1227 1507 ν
1242 1461 1296 1544 (ad

222 1564 339 1650 apolog.
371 1586 420 1651 pg.
450 1563 510 1646 93)
536 1567 638 1629 comici
666 1564 863 1652 fragmentum
892 1564 979 1629 nobis
1007 1568 1196 1629 conservavit
1227 1563 1275 1645 (cs
1288 1620 1294 1632 .

220 1663 276 1752 srg.
300 1668 392 1732 Arist.
415 1664 486 1733 397.
511 1664 642 1748 Dindl.):
669 1673 799 1757 χρῶμαι
823 1668 885 1758 γὰρ
909 1662 1012 1733 αὐτοῦ
1042 1670 1102 1732 τοῦ
1130 1664 1299 1750 στόματος

221 1771 266 1855 τῷ
283 1766 481 1857 στρογγύλῳ,
493 1767 569 1843 τοῖος
584 1774 662 1843 νοῦς
684 1766 894 1859 ὀόὀγοραίοος
916 1764 1015 1854 ἧττον
1026 1762 1044 1853 ἢ
1056 1766 1175 1840 ’κεῖνος
1197 1773 1296 1835 ποιῶ.

222 1867 342 1954 Tragici
370 1881 467 1933 autern
495 1874 633 1947 minores,
669 1875 694 1935 si
722 1894 763 1937 ex
790 1868 962 1958 fragmentis
999 1870 1065 1935 licet
1096 1871 1297 1934 coniecturam

221 1968 323 2046 lacere,
347 1983 382 2035 ut
403 1975 474 2035 totis
496 1974 633 2038 versibus
656 1973 865 2060 exprimendis,
888 1976 930 2039 sic
952 1976 1039 2038 etiam
1055 1972 1221 2038 mutuando
1236 1993 1299 2036 ser·

224 2074 320 2135 monis
343 2073 441 2137 colore
463 2077 608 2161 insignem
623 2076 773 2162 Euripidis
790 2075 986 2164 comprobant
1007 2079 1221 2151 auctoritatem,
1244 2076 1298 2137 elsi

223 2193 284 2235 nou
300 2172 387 2260 plane
403 2188 531 2261 possunt
552 2176 704 2263 adspirare
726 2178 762 2242 ad
786 2181 879 2264 ipsius
892 2191 1086 2250 venustatem.
1109 2179 1200 2244 Recte
1222 2180 1297 2241 enim

226 2274 413 2341 Archimelns
436 2278 570 2357 (lacobs.
594 2279 705 2344 anthol.
728 2301 824 2367 graec.
848 2278 885 2348 ll.
909 2303 960 2369 pg.
982 2280 1041 2363 63)
1068 2283 1148 2346 hunc
1177 2285 1207 2344 in
1236 2301 1299 2343 mo·

224 2375 296 2441 dum
324 2378 435 2443 iudicat
456 2379 493 2444 de
515 2380 667 2469 Euripidis
690 2384 867 2448 imitatione:

268 2528 336 2613 Τὴν
365 2529 554 2618 Εὐριπίδεια
582 2532 653 2619 μήτ’
686 2537 781 2624 ἔρχεο
809 2534 882 2623 μήτ’
916 2535 1100 2622 ἐπιβάλλον

429 2628 599 2716 δύσβατον
620 2628 816 2722 ἀνθρώποις
839 2638 948 2720 οἶμον,
971 2633 1165 2705 dorcestrae.

264 2734 346 2816 Λείη
368 2733 514 2822 μὲνγὰρ
538 2733 621 2799 ἰδεῖν
642 2741 698 2799 καὶ
720 2735 902 2825 ἐπίκροτος·
930 2738 961 2802 εἰ
982 2739 1020 2804 δέ
1040 2763 1090 2813 τις
1112 2736 1216 2824 αὐτὴν

427 2833 583 2919 adsiluisse
599 2836 749 2915 χαλεποῦ
772 2840 950 2925 τρηχοοέρη
973 2837 1146 2913 σκόλοπος.

255 2925 327 2997 Ἤν
354 2933 390 2998 δὲ·
424 2936 467 2998 να
496 2935 642 3022 Μηδείης
670 2935 825 3023 Αἰήτιδος
856 2933 943 3027 ἄκρα
970 2939 1112 3035 χαρᾶξῃς

425 3031 583 3121 ἀμνήμων
604 3042 696 3133 κείσῃ
718 3043 848 3129 νέρθεν·
871 3042 911 3107 ἔα
935 3040 1132 3129 στεφάνους.

225 3163 401 3235 Conlerendi
433 3184 504 3238 sunt
536 3176 623 3238 etiam
660 3174 696 3238 de
727 3187 789 3239 tota
829 3179 972 3241 sermonis
1006 3177 1159 3265 Euripidei
1200 3179 1299 3246 indole

226 3270 402 3336 Aristoteles
426 3273 530 3353 (Rhet.
552 3273 608 3341 lll.
632 3275 661 3344 2.
683 3273 721 3357 5)
745 3275 910 3364 Dionysius
929 3278 1194 3346 Halicarnassensis
1216 3290 1300 3363 (ceu-

225 3390 295 3434 sura
316 3384 389 3436 vett.
411 3379 511 3462 script.
537 3377 575 3441 11
600 3378 687 3442 etde
709 3401 839 3466 compos.
863 3385 946 3448 verb.
970 3403 993 3448 c.
1016 3381 1058 3446 23
1080 3405 1103 3448 c.
1128 3381 1196 3468 26.)
1220 3383 1300 3449 Lon·

225 3474 315 3558 ginus
337 3481 399 3561 (cp.
420 3473 479 3556 40)
501 3478 557 3545 alii.

308 3593 455 3673 lllevero,
479 3618 566 3684 quem
589 3599 678 3664 modo
701 3600 862 3688 depingere
883 3602 995 3681 studui,
1018 3626 1114 3670 sermo
1137 3613 1298 3696 exsanguis

224 3715 317 3780 paene
325 3708 352 3759 et
360 3712 518 3765 enervatus
531 3704 649 3767 minime
662 3703 786 3768 idoneus
795 3716 858 3770 erat
865 3705 901 3769 ad
910 3706 1132 3773 describendam
1140 3710 1298 3776 vehemen-

223 3797 328 3860 tiorem
341 3796 498 3865 affectuum
512 3805 581 3871 vim.
603 3803 709 3892 ltaque
721 3828 758 3870 ne
771 3806 946 3873 descisceret
958 3823 1045 3896 poeta
1061 3835 1077 3874 a
1090 3816 1214 3877 summis
1226 3818 1298 3878 artis

222 3901 352 3985 tragicae
362 3898 480 3986 legibus
491 3915 579 3990 atque
591 3908 735 3972 institutis
750 3908 922 3996 cogebatur,
936 3914 1124 4000 magnificum
1136 3915 1220 3981 illum
1236 3929 1298 3981 tra·

220 4004 303 4086 gicae
328 4005 473 4067 orationis
506 4020 681 4092 apparatum
706 4033 739 4075 ac
765 4012 918 4098 splendida
947 4037 1094 4081 arcessere
1116 4033 1296 4098 ornamenta,

222 4103 335 4185 quibus
366 4108 450 4192 quasi
482 4106 662 4174 illuminaret
687 4114 851 4199 simplicius
878 4116 993 4182 dicendi
1024 4141 1119 4206 genus
1142 4132 1171 4184 et
1191 4144 1296 4187 rursus

221 4200 376 4309 affingeret
402 4208 572 4295 tragoediae
591 4212 750 4279 verborum
773 4217 921 4303 quandam
943 4219 1128 4307 dignitatem.
1151 4225 1251 4310 Atque
1271 4229 1296 4289 si
