3062 4834
1276 259 1322 330 19

253 458 341 536 ζυγός
363 468 392 519 et
412 454 476 520 Hel.
500 449 564 519 357
571 479 579 518 ε
607 452 766 542 τριζύγοις
787 457 904 518 ὁεαῖσι
928 452 964 516 ab
988 455 1082 518 inanis
1109 455 1322 521 redundantiae

252 560 419 644 suspicione
442 555 591 621 vindicare
613 555 737 621 studuit.
826 554 932 639 Suppl.
954 552 1032 619 993:
1069 553 1220 623 ὠκυθόαι
1243 557 1320 643 νόμ-

252 681 324 743 (pua,
347 662 371 723 si
395 660 566 727 Schiclitzio
589 657 735 722 credimus
758 657 791 736 (l.
816 658 833 724 l,
858 679 926 743 pag.
942 650 1000 736 55)
1023 671 1067 720 est
1089 681 1178 724 cursu
1201 660 1320 735 celeres3

251 781 310 824 uon
334 764 411 829 euim
434 771 696 848 proparoxytonos
720 756 869 832 placidone
902 759 1125 845 intelligendum
1149 774 1201 838 est,
1229 775 1262 826 ut
1284 765 1321 826 sit

251 885 289 928 ex
312 862 430 927 duobus
453 865 628 949 synonymis
658 860 825 937 conflatum,
856 861 907 925 sed
929 873 1136 948 paroxytonos
1163 860 1319 941 οὸκυὸόος,

250 963 408 1028 formatum
441 988 456 1029 a
489 963 581 1027 verbo
612 964 683 1028 osa
714 964 826 1049 paritet·
859 986 891 1027 ac
923 960 1075 1049 flopde‘oc.
1115 1002 1143 1012 —
1186 963 1229 1026 De
1263 988 1318 1029 usu

248 1069 331 1131 vocis
364 1061 547 1154 ὁμόπτερος
577 1063 701 1151 (Phoco.
729 1062 810 1129 328:
845 1061 953 1151 ἀπήνη
989 1059 1173 1152 ὁμόπτερος
1199 1091 1240 1124 ::
1266 1088 1320 1151 par

249 1168 372 1232 liatcum
396 1179 489 1231 aetate
512 1166 726 1254 propemodum
750 1167 929 1257 aequalium3
955 1167 997 1232 ΕΙ.
1014 1162 1093 1233 560:
1116 1164 1320 1254 βοστρύχους

249 1264 454 1355 ὁμοπτέρους
475 1295 513 1328 :
538 1269 674 1356 capillum
698 1269 891 1346 consimilem3
915 1269 948 1333 cl.
966 1268 1070 1334 Aesch.
1095 1267 1228 1353 Choeph.
1243 1266 1318 1346 174)

249 1369 317 1433 vide
340 1391 415 1457 quae
437 1382 649 1458 congesserunt
673 1371 810 1435 Valckeu.
836 1369 872 1435 ad
897 1371 1006 1435 Phoco,
1030 1371 1047 1434 l.
1072 1393 1095 1434 c.
1119 1369 1260 1435 Abresch.
1281 1369 1317 1433 ad

249 1471 357 1561 Aescht
381 1472 513 1559 Choeph.
548 1473 566 1540 l.
597 1496 621 1537 c.
649 1473 772 1539 Seidler.
800 1473 837 1537 ad
863 1474 937 1539 Eur.
963 1475 1009 1539 El.
1040 1473 1058 1537 l.
1083 1495 1106 1537 c.
1129 1509 1170 1520 -
1214 1471 1317 1537 Aede

249 1573 402 1639 vocabulis
425 1577 595 1663 compositis
618 1574 799 1640 abundantia
822 1574 948 1664 quadam
964 1575 1138 1663 ¹insignibus
1162 1575 1233 1638 haec
1249 1574 1317 1638 hac-

248 1687 342 1740 tenus.

337 1776 441 1844 Sentio
457 1782 533 1845 enim
551 1802 596 1845 me
613 1783 692 1845 iusto
716 1781 829 1846 diutius
851 1784 881 1845 iu
897 1780 953 1845 hoc
976 1779 1042 1845 loeo
1058 1778 1234 1867 exponendo
1250 1800 1316 1842 ver-

248 1892 343 1945 satum
367 1903 443 1960 esse3
473 1885 572 1970 itaque
601 1905 676 1970 quae
704 1897 871 1971 sequuntur
898 1906 986 1973 quam
1016 1883 1189 1948 brevissime
1212 1894 1316 1969 potem

247 1983 420 2070 praecidam.
466 1983 619 2050 Vocabula
653 1986 688 2052 ἐκ
714 1986 930 2076 παραλλήλου
960 1991 1057 2072 posita
1091 1989 1201 2072 pariter
1234 1985 1316 2071 apud
1435 2028 1437 2032 -

247 2106 348 2150 omues
383 2099 485 2172 poetas
521 2091 651 2174 tragicos
688 2089 837 2177 leguntur.
887 2089 1055 2176 Sophoclea
1091 2102 1119 2154 ct
1150 2089 1316 2176 Aeschyleo

246 2187 355 2253 affatim
383 2188 585 2274 suppeditabit
607 2190 655 2253 Fr.
680 2190 823 2256 Schmidt.
853 2190 889 2255 de
917 2192 1014 2259 ubert.
1043 2192 1072 2256 ll.
1098 2191 1151 2270 123
1180 2192 1315 2278 equidem

245 2293 316 2355 satis
359 2289 464 2367 haheo,
517 2291 676 2379 Euripidae
726 2295 858 2379 attigisse
898 2297 992 2381 magis
1034 2316 1122 2382 quam
1166 2307 1313 2363 tractasse.

244 2393 356 2459 Phoen.
382 2391 474 2457 1375.

329 2496 385 2568 δὸς
407 2496 500 2576 ἔγχος
522 2491 599 2581 ὁγμῖν
620 2498 810 2565 καλλίνικον
832 2498 867 2563 ἐκ
888 2498 984 2588 χερὸς

328 2596 361 2670 ἐς
384 2593 490 2685 στέρν’
515 2593 662 2684 ἀδελφοῦ
685 2595 774 2683 aipcd'
798 2596 856 2665 ἀπ’
882 2597 1000 2690 ὠλένης
1022 2604 1145 2688 βαλεῖν·

328 2696 415 2785 llipp.
430 2696 526 2766 1148:
548 2702 584 2763 τί
592 2696 651 2762 τὸν
661 2696 776 2766 τόλαν)
790 2701 826 2766 ἐκ
841 2701 1001 2792 πατρῴας
1011 2710 1071 2786 γᾶς
1095 2742 1133 2753 -
1161 2709 1313 2790 πέμπετε

242 2795 346 2867 τῶνδ’
371 2796 429 2866 ἀπ’
455 2805 560 2868 οἴκων.
594 2801 661 2865 lon.
689 2800 743 2868 16:
766 2801 899 2870 τεκοῦσ’
923 2806 960 2872 ἐν
982 2810 1082 2881 οἴκοις
1104 2802 1201 2873 παῖδ’
1227 2804 1312 2893 ἀπή·

242 2928 352 2986 νεγκεν
383 2907 514 2993 βρέφος.
558 2904 670 2972 Phoen,
704 2904 760 2973 22:
799 2907 955 2996 ἔσπειρεν
992 2904 1068 2994 ὁγμῖν
1100 2909 1222 2988 παῖδα,
1256 2920 1311 2977 καὶ

241 3011 383 3094 σπείρας
403 3009 532 3093 βρέφος.
556 3044 595 3052 -
617 3005 712 3072 Ande.
736 3006 789 3076 18:
813 3016 912 3097 χωρὶς
934 3005 1127 3099 ἀνθρώπων
1149 3008 1308 3098 φεύγοιμ’

241 3101 364 3187 ὅμιλον.
409 3107 498 3172 Bach.
522 3105 599 3175 614:
627 3108 748 3196 ῥαδίως
770 3148 810 3157 -
833 3105 913 3176 ἄνευ
935 3110 1050 3178 πόνου.
1094 3112 1138 3180 El.
1166 3112 1224 3180 81:
1254 3109 1310 3201 ἄρ-

239 3204 295 3287 γὸς
324 3245 362 3255 -«
390 3202 470 3275 ἄνευ
504 3207 620 3277 πόνου.
666 3208 716 3275 Oc.
751 3206 851 3278 1584:
893 3211 1050 3303 δάμαρτα
1080 3254 1116 3262 -
1145 3214 1204 3300 τὴν
1230 3214 1310 3298 ἐμὴν

239 3304 409 3396 ξυνάορον.
445 3309 504 3376 ihd.
533 3310 630 3380 1426:
667 3316 863 3403 Φρυγίοισιν
885 3312 996 3399 νόμοις
1025 3357 1064 3364 -
1091 3315 1310 3405 βαρβάροισιν
1338 3332 1341 3338 “

238 3403 400 3493 νόμοισιν.
445 3410 833 3484 ch.ssach.7fi7.1026.
878 3416 924 3482 El.
948 3417 1018 3483 218,
1046 3417 1118 3481 696.
1146 3419 1213 3481 Hee.
1235 3411 1308 3483 527.

239 3506 302 3574 Hel.
324 3508 353 3574 2.
377 3509 426 3582 19.
451 3513 521 3582 196.
568 3515 653 3583 llere.
675 3517 694 3583 l.
720 3519 768 3587 10.
791 3517 841 3584 89,
867 3514 1032 3588 178465.
1077 3520 1142 3608 tph.
1166 3522 1202 3586 A.
1217 3519 1308 3588 1068.

239 3608 316 3678 Med.
340 3611 411 3684 780.
436 3613 507 3684 992.
543 3617 653 3683 Phoco.
678 3618 748 3683 193,
774 3618 864 3689 1135.
910 3623 982 3689 Tro.
1004 3619 1075 3691 650.
1100 3616 1191 3700 1105.
1216 3622 1306 3690 Rhes.

237 3708 311 3777 266.
357 3712 419 3781 luo.
447 3716 502 3803 lag.
528 3715 558 3786 7.
583 3756 625 3770 -
661 3724 800 3788 Matthiae
829 3745 874 3812 gc.
903 3747 946 3811 gr.
977 3724 1088 3810 5636.
1133 3725 1243 3811 Pflugh
1270 3725 1306 3788 ad

239 3812 333 3880 Andr.
358 3814 406 3878 18.
454 3817 517 3884 llel.
540 3822 570 3888 (Ζ.
617 3823 701 3890 Herc.
725 3825 743 3888 l.
769 3828 817 3896 10.
856 3827 927 3894 Lob.
953 3829 990 3891 ad
1013 3831 1060 3896 Αἰ.
1083 3827 1155 3898 308.
1182 3869 1216 3876 —-

323 3916 383 3983 Nec
416 3918 512 3985 solum
545 3925 680 4011 singulae
712 3933 847 3994 notiones
876 3930 933 3995 hoc
961 3930 1050 3996 modo
1077 3932 1113 3996 ad
1140 3931 1304 4018 augendam

237 4022 379 4085 sermonis
401 4024 576 4109 gravitatem
600 4025 645 4092 bis
668 4033 886 4114 exprimuntur,
910 4034 961 4098 sed
976 4037 1061 4099 etiam
1076 4047 1138 4098 tota
1153 4037 1305 4098 enuntiata

236 4122 276 4183 ita
298 4122 486 4204 adhibentur,
510 4139 544 4192 ut
567 4132 717 4217 copiosius
739 4135 845 4199 iterum
869 4139 1045 4223 exprimant,
1074 4138 1154 4225 quod
1183 4140 1303 4204 brevius

235 4224 291 4288 iam
314 4226 510 4313 significatum
542 4243 594 4301 est.
640 4231 729 4318 Quod
759 4235 874 4303 dicendi
901 4261 1005 4327 genus,
1036 4262 1212 4329 quamquam
1243 4266 1303 4307 non

1019 4390 1020 4393 =
1066 4343 1087 4414 2
