3062 4834
268 241 316 313 10

262 441 369 527 inquit,
392 444 489 529 graeci
516 447 658 509 sermonis
688 457 741 524 est,
768 449 955 513 substantiva
982 471 1049 514 curn
1076 452 1175 516 verbis
1204 453 1336 519 eiusdem

264 544 364 628 stirpis
386 546 517 630 iungere,
545 549 643 610 nescio
673 560 770 612 tamen
798 573 835 615 an
865 551 965 636 paullo
994 551 1131 639 cupidius
1157 554 1226 625 talia
1249 554 1336 620 alico·

262 647 369 711 taverit
391 668 446 732 pro
468 651 612 713 sermonis
636 648 734 713 indole
749 651 922 739 Euripidea3
945 674 1041 740 neque
1063 674 1125 719 uon
1139 659 1229 722 sentis
1245 660 1336 722 inter·

261 747 333 811 dum
358 748 591 834 Aristophaneus
614 751 706 816 ἐπῶν
720 754 945 838 γωνιασμούςς
967 768 1084 842 praeter
1098 757 1234 843 vulgaria
1257 752 1334 825 enirn

260 848 440 929 (vtatoo.
468 850 563 916 Paral.
594 874 644 939 pg.
672 850 736 920 505
765 861 841 940 seq.)
871 856 960 920 inulta
990 856 1068 922 dixit
1096 871 1202 925 nove.“
1244 862 1335 927 Recte

257 951 390 1039 prolecto
415 953 630 1022 iudicavitvir
655 953 776 1033 doctus3
813 962 930 1021 enotavi
963 962 1039 1023 enirn
1076 962 1191 1026 circiter
1217 977 1332 1029 centum

258 1054 374 1121 diversa
398 1055 488 1119 huius
509 1055 624 1141 figurae
647 1059 791 1144 exerupla,
817 1080 891 1146 quae
905 1063 968 1125 sine
983 1062 1076 1128 dubio
1092 1064 1192 1128 inultis
1208 1077 1335 1151 possunt

258 1161 369 1244 augeri.
397 1156 581 1232 Exscribam‚
604 1180 678 1243 quae
700 1161 891 1224 insolentiora
906 1174 960 1225 aut
973 1163 1059 1249 plane
1073 1188 1152 1229 nova
1167 1178 1247 1233 sunt.
1271 1170 1332 1234 lon.

256 1258 333 1324 921:
355 1252 675 1344 λοχεύματασεμνιλ
685 1259 897 1340 λοχεύεσθαι.
920 1263 1005 1328 Herc.
1022 1264 1038 1333 l.
1057 1262 1156 1334 1305:
1178 1267 1335 1356 βούλησιν

257 1359 453 1445 βούλεσθαι.
508 1359 599 1425 Αοδο.
643 1355 719 1425 θ53ε
773 1361 954 1449 πεσήματα
990 1373 1129 1433 πίπτειν
1165 1369 1331 1457 δοριπετῆ.

255 1462 434 1551 (δορυπετῆ
457 1461 563 1549 (μόνον
588 1469 699 1529 πίνειν
728 1462 808 1549 Cycl.
837 1460 901 1533 305
929 1465 967 1530 de
994 1467 1108 1545 tellure,
1140 1491 1215 1556 quae
1246 1492 1333 1535 neca·

255 1575 355 1628 torum
377 1566 552 1652 sanguinem
575 1564 741 1646 exsorbet.)
786 1566 896 1633 Troad.
922 1566 996 1633 138:
1025 1569 1153 1645 θοὶκους
1175 1568 1332 1637 θύσσειν.

255 1665 320 1734 Hel.
354 1663 431 1729 894:
491 1662 548 1733 ούκ
586 1664 771 1752 εὐδαίμονα
802 1676 913 1737 θᾶκον
946 1674 1191 1758 προςκαθίζειν.
1244 1672 1330 1741 Herc.

256 1765 274 1830 l.
307 1765 405 1832 1214:
449 1769 548 1856 ἕδρας
582 1768 761 1853 δυστήνους
793 1772 950 1836 θάσσειν.
993 1769 1107 1838 Heracl.
1139 1768 1195 1837 55:
1230 1774 1332 1859 ἕδραν

256 1868 358 1955 καλὴν
372 1873 573 1955 καθῆσθαι).
591 1865 740 1934 Ηο1.159;
752 1871 887 1937 ἐσθλῶν
902 1868 1043 1955 ἀμοιβὰς
1058 1867 1329 1959 ἀντιδωρεῖσθαι.

253 1969 341 2037 Herc.
364 1970 382 2037 l.
404 1969 481 2034 221:
504 1967 579 2055 ὄμμ’
604 1970 783 2060 ἐλεύθερον
803 1973 948 2055 βλέπειν.
993 1970 1057 2038 lbd.
1082 1970 1177 2040 1041:
1208 1972 1331 2060 πικρδν

253 2062 384 2139 διώκειν
417 2066 540 2156 ἤλυσιν.
597 2072 724 2144 (Ρὴοοο,
758 2071 836 2136 844ε
868 2073 993 2159 πυκνὴν
1025 2065 1141 2160 ἤλυσιν
1175 2079 1329 2158 βαίνειν.)

225 2173 338 2250 ιΗοιο.
360 2172 492 2240 t1137:
516 2168 622 2238 δι’θλια
637 2171 867 2259 ἑρμηνεύματα
890 2175 1025 2263 ἐρωτᾶν.
1056 2173 1136 2239 Bach
1161 2172 1194 2237 8:
1218 2172 1328 2259 φλόγα

251 2272 435 2362 τύφεσθαι.
486 2273 550 2339 ttd.
583 2269 663 2338 557:
704 2272 862 2349 aedona
891 2278 1120 2364 θυρσοφορεῖν
1166 2281 1221 2354 (cx
1253 2278 1327 2362 conj⁸

250 2373 453 2454 Kirchholfii.)
476 2413 516 2424 -
539 2375 608 2441 Non
635 2379 732 2440 tainus
762 2375 884 2441 audacia
912 2388 991 2451 sunt,
1022 2398 1097 2464 quae
1126 2379 1327 2441 accusativum

251 2478 298 2542 vel
320 2477 454 2542 dativum
478 2499 620 2563 personae
642 2476 699 2541 sibi
722 2477 901 2555 adsciscunt,
925 2489 959 2542 ut
975 2477 1040 2563 lph.
1064 2482 1100 2546 A.
1118 2476 1214 2543 1182:
1239 2477 1327 2555 δεξό-

248 2584 342 2664 μεθα
363 2579 464 2660 δέξιν,
487 2575 525 2664 ’ἦν
547 2600 587 2644 σε
608 2581 774 2659 δέξασθαι
796 2578 909 2669 χρεοίν.
955 2579 1044 2646 Bacis.
1074 2575 1152 2645 955:
1206 2577 1326 2668 κρύψει

251 2681 294 2748 σδ
316 2679 452 2771 κρύψιν,
475 2680 514 2767 ἥν
536 2703 576 2747 σε
598 2686 788 2768 κρυφθῆναι
810 2679 924 2770 χρεών.
958 2680 1018 2747 Csr.
1037 2680 1208 2758 ttet1099‚
1232 2677 1326 2747 1596.

251 2782 341 2870 Hipp.
372 2780 464 2848 1237.
508 2779 772 2851 1011.80.1518.
817 2788 911 2870 Saepe
941 2788 1027 2847 etiam
1055 2786 1093 2846 ita
1120 2804 1168 2846 res
1196 2806 1212 2846 a
1239 2794 1326 2869 poeta

250 2887 425 2962 instituitur,
453 2897 487 2948 ut
516 2886 606 2949 altera
638 2885 809 2972 tragoediae
839 2908 964 2972 persona
993 2889 1117 2952 verbum
1145 2885 1326 2971 pronuntiet,
1357 2954 1360 2963 ,

250 2986 342 3051 altera
369 2989 531 3052 orationem
559 2985 665 3073 cupide
693 2990 845 3073 excipiens
880 2988 1010 3052 eiusdem
1046 2986 1153 3051 radicis
1187 2984 1326 3048 substan-

248 3092 346 3154 tivum
368 3089 481 3154 adiciat.
520 3089 571 3154 Or.
597 3064 694 3156 1610:
718 3088 777 3155 Or:
799 3085 893 3157 πεῖθ’
917 3092 951 3165 ἐς
968 3086 1136 3176 Ἀργείους
1157 3084 1269 3170 μολών
1289 3121 1321 3133 -·
1367 3112 1370 3113 ’
1491 3154 1494 3169 ‚

235 3193 345 3260 Men:
368 3190 480 3258 πειθώ
502 3186 583 3285 τίν’,·
617 3188 795 3266 Baetem:
819 3180 881 3273 ἐμοὶ
905 3194 1011 3259 στελῶ
1041 3211 1089 3255 σε.
1117 3224 1159 3237 -
1203 3186 1325 3255 renen:

248 3299 325 3361 τίνα
349 3292 489 3381 στολήνς
512 3295 576 3373 lon.
598 3285 678 3357 536:
711 3295 771 3357 τὸν
793 3290 1049 3378 συναντήσαντά
1070 3316 1138 3376 μοι.
1163 3327 1202 3340 -
1246 3289 1325 3355 lon:

248 3394 568 3562 Βίιναὲἑιρύντησιη
591 3393 640 3460 olr.
665 3393 753 3461 Baoh.
777 3390 851 3457 969.
882 3393 947 3459 Hel.
972 3391 1064 3461 1633.
1088 3392 1152 3479 lph.
1177 3395 1212 3461 A.
1227 3392 1319 3461 1364.

333 3600 394 3664 lain
409 3622 490 3678 vero,
513 3603 673 3688 quominus
695 3605 793 3666 statim
809 3600 848 3665 ad
863 3598 1022 3664 antithesin
1037 3619 1205 3684 pergamus,
1227 3618 1323 3662 unum

249 3700 355 3779 obstat,
380 3702 460 3789 quod
483 3724 660 3791 quamquam
683 3704 802 3791 longius
823 3702 907 3768 abest
928 3703 1124 3788 aproposito,
1148 3712 1244 3764 tamen
1266 3698 1323 3762 hoc

248 3804 313 3868 loco
336 3807 446 3890 optime
467 3805 661 3892 disputationi
683 3809 843 3871 inseretur:
871 3803 937 3868 dico
959 3803 1165 3891 pervulgatam
1188 3802 1321 3866 inomni

246 3909 330 3993 poesi
345 3928 450 3994 graeca
470 3907 722 3984 consuetudinem,
745 3930 803 3995 que
824 3918 949 3971 utantur
963 3909 1116 3971 nominum
1131 3906 1319 3991 propriorum

249 4009 439 4097 etymologiis
472 4009 508 4074 ad
542 4009 750 4077 describendos
784 4009 939 4075 hominurn
971 4030 1076 4073 mores.
1121 4006 1185 4090 Qua
1217 4001 1254 4065 de
1287 4023 1319 4064 re

248 4133 340 4198 quum
376 4113 583 4198 intelligenter,
615 4116 660 4176 nti
697 4112 780 4189 solet,
817 4114 875 4176 iam
903 4109 1077 4177 Aristotcles
1121 4105 1319 4190 disputaverit

248 4213 352 4293 (Rhet.
381 4215 420 4282 ll.
448 4214 499 4292 23,
532 4214 590 4296 29)
617 4236 697 4280 nunc
725 4215 872 4302 permulta
899 4213 1081 4301 collegerunt
1105 4206 1319 4272 Valckenarius
