3062 4834
1264 280 1288 354 5

225 513 353 576 animum
377 505 540 594 applicasse
562 498 712 588 putandus
735 507 787 560 est.
832 491 930 576 Quare
956 509 1048 575 quum
1075 484 1168 574 probe
1196 484 1292 557 sciret,

224 635 270 678 res
288 631 408 697 magnas
424 627 530 692 magna
551 604 652 667 decere
681 597 771 662 verba
795 613 998 682 personasque
1024 591 1209 654 severitatem
1224 605 1294 671 prae

223 736 255 779 se
276 711 401 777 ferentes
424 731 483 773 uon
507 725 593 793 posse
616 704 660 767 uti
682 699 781 763 verbis
804 719 819 761 e
842 694 925 779 vulgi
955 713 1005 754 ore
1035 694 1142 779 petitis,
1170 708 1293 752 consen·

225 829 353 880 taneum'
368 823 420 886 est,
443 821 534 872 totam
558 806 752 868 elocutionem
777 796 969 882 Aeschyleam
1001 795 1126 878 speciem
1154 787 1295 876 praebere

226 929 371 982 austeram
399 923 428 975 et
454 907 612 994 turgidam.
657 901 779 967 Accedit
811 895 892 985 quod
919 896 980 959 loci
1008 893 1112 969 melici,
1146 893 1197 978 qui
1229 890 1296 952 lon·

226 1022 338 1104 giorem
361 1013 467 1087 adhue,
496 1030 584 1095 quam
612 1026 666 1091 par
692 1013 763 1078 erat,
793 999 934 1064 ambitum
962 993 1144 1069 obtinebant,
1172 994 1296 1078 propius

228 1118 349 1181 aberant
371 1136 386 1177 a
410 1107 666 1197 dithyramborum
689 1116 794 1170 natura
817 1114 846 1166 et
867 1099 1016 1165 interdum
1040 1093 1138 1160 verbis
1165 1093 1297 1178 concepti
1383 1155 1385 1159 ,
1498 1160 1499 1163 ¹

227 1240 288 1282 non
310 1213 398 1279 modo
421 1195 578 1286 inusitatis,
612 1208 663 1272 scd
688 1206 733 1270 vel
756 1203 959 1269 subobscuris.
1004 1199 1107 1285 ltaque
1130 1196 1186 1259 hoc
1213 1213 1301 1280 prae·¹

229 1324 348 1406 cipuum
371 1328 422 1390 est,
446 1313 528 1402 quod
551 1308 699 1396 Aeschylo
722 1307 880 1393 Euripides
904 1301 1113 1390 opprobratur,
1137 1299 1298 1361 orationem

229 1422 309 1486 illius
341 1439 404 1482 esse
438 1413 626 1501 ampullatam
661 1424 690 1475 et
722 1407 978 1495 dithyrambicam‚
1012 1423 1085 1490 quae
1113 1397 1299 1487 pronuntiari

230 1527 294 1589 sine
321 1519 495 1606 pulmonum
529 1516 687 1579 vexatione
719 1524 758 1575 et¹
782 1509 913 1573 anhelitu
948 1529 1010 1571 nou
1043 1508 1150 1592 possit3
1182 1498 1313 1586 singula.

231 1623 322 1688 verba
351 1616 432 1684 haud
459 1638 526 1681 raro
558 1637 620 1679 esse
652 1613 876 1701 sesquipedalia,
906 1611 996 1674 atroci
1023 1609 1108 1694 quasi
1140 1600 1299 1689 supercilio

230 1739 326 1799 torva,
349 1720 537 1787 audientibus
560 1719 646 1805 plane
669 1719 779 1804 ignota.
804 1713 863 1781 Clr.
888 1712 963 1776 Rau.
985 1708 1061 1773 924:

274 1881 280 1893 .
325 1880 331 1893 .
376 1877 383 1892 .
428 1877 435 1891 .
471 1817 595 1909 ῥήματ’
620 1815 662 1886 ἂν
684 1818 779 1903 βόεια
801 1810 912 1880 doidax‘
938 1813 1032 1877 εἶπεν
1055 1806 1158 1896 ὀφρῦς
1182 1804 1302 1885 ἔχοντα

232 1937 289 1994 καὶ
310 1923 448 2013 λόφους,
472 1917 548 1987 δείν’
574 1916 670 1997 ἄττα,
693 1913 916 2008 μορμορωπά,
940 1909 1097 1996 ἄγνωστα
1125 1915 1195 1980 τοῖς
1218 1909 1303 1970 eea-

232 2032 342 2113 μένοις
364 2027 430 2091 ιιτλ.
1192 2056 1194 2060 .

320 2115 401 2190 ldem
431 2137 527 2190 autem
560 2145 661 2187 omnes
689 2123 862 2186 recentioris
890 2120 991 2183 aetatis
1020 2115 1154 2178 homines
1177 2108 1304 2175 Graecos

235 2229 360 2290 sensisse
382 2231 412 2290 iu
436 2224 589 2290 audiendis
612 2223 754 2307 Aeschyli
776 2221 876 2284 verbis
898 2221 1037 2283 altissime
1061 2211 1248 2300 exaggeratis
1276 2216 1305 2268 et

236 2331 341 2392 mirum
365 2339 507 2414 quantum
531 2325 648 2400 inflatis,
671 2325 851 2408 epigramma
873 2331 998 2385 testatur
1022 2316 1169 2402 Antipatri
1191 2306 1304 2397 (Jacob.

237 2429 293 2497 del.
316 2432 408 2515 epigr.
431 2428 487 2505 IV,
510 2422 568 2506 55)

321 2526 338 2594 ὁ
365 2531 522 2617 τραγικὸν
553 2526 694 2615 φώνημα
727 2533 782 2591 καὶ
813 2522 1029 2612 ὀφρυόεσσαν
1051 2517 1166 2604 ἀοιδὴν

384 2625 566 2716 πυργώσας
593 2632 741 2719 στιβαρῇ
765 2631 896 2711 πρῶτος
925 2624 961 2690 ἐν
988 2620 1103 2716 εὗειτίῃ

321 2730 486 2810 Αἴσχυλυς
509 2723 934 2814 Ealpopc'avoc'Eleoocm‘qc
956 2722 1031 2794 ἑκὰς
1054 2725 1125 2807 αἴης

385 2837 490 2895 κεῖται
512 2829 676 2895 κυδαίνων
691 2824 814 2911 σήματι
841 2825 1046 2911 Τρινακρίαν·

323 2931 436 2999 Similia
459 2943 530 2994 sunt
552 2933 637 2993 etiam
661 2924 982 3012 Dionistrysostomi
1004 2924 1060 3008 [or.
1076 2921 1138 2986 bll.
1155 2942 1204 3007 pg.
1220 2915 1309 2995 267.)

237 3049 268 3101 et
288 3035 427 3133 Dionysii
450 3036 541 3120 (περὶ
565 3028 749 3114 δεινότητος
763 3035 844 3112 Λ-υμ.
860 3050 905 3114 cp.
920 3026 963 3090 39
978 3038 1006 3089 et
1020 3032 1098 3108 περὶ
1120 3024 1310 3092 συνθέσεως

240 3134 331 3226 ὄνομ.
353 3159 398 3223 cp.
420 3134 477 3208 Ἠ)
507 3133 623 3208 iudicia,
652 3153 727 3217 quae
757 3143 853 3194 tamen
883 3140 1044 3216 exsuperat
1065 3128 1151 3190 nimis
1174 3141 1310 3186 severum

241 3236 315 3303 illud
341 3236 551 3323 Aristophanis
578 3233 662 3320 (nub.
692 3256 719 3298 v.
751 3230 857 3313 1370),
881 3270 924 3282 —-
959 3232 1061 3317 Neque
1083 3227 1179 3292 solum
1201 3220 1310 3287 talibus

243 3337 394 3401 vocabulis
419 3337 674 3425 sesquipedalibus
704 3348 790 3422 poeta
819 3327 1208 3419 κομποφακελλοῤῥήμυν
1234 3334 1310 3406 (ran.

241 3437 322 3520 839)
337 3439 462 3503 sublime
477 3439 613 3524 captabat
628 3439 743 3503 dicendi
759 3459 863 3524 genus,
884 3435 935 3499 scd
951 3432 1100 3522 gaudebat
1118 3433 1205 3495 etiam
1220 3431 1311 3492 iuter-

242 3544 343 3607 mixtis
367 3541 490 3606 vocibus
514 3544 676 3627 peregrinis
699 3539 779 3627 apud
797 3541 912 3605 Atticos
936 3557 1096 3622 numquam
1119 3544 1203 3597 autea
1227 3529 1312 3594 audi·

242 3646 288 3707 tis.
333 3644 453 3709 Praeter
475 3665 507 3707 ea
530 3645 616 3718 enim,
640 3663 715 3729 quae
738 3644 846 3729 passim
869 3639 949 3725 apud
972 3659 1073 3702 omnes
1096 3649 1197 3723 poetas
1220 3635 1312 3719 tragi-

244 3765 293 3806 cos
323 3747 516 3809 inveniuntur
543 3746 666 3809 dorisrni
695 3756 722 3808 ct
747 3746 865 3807 ionismi
894 3742 1027 3827 vestigia,
1056 3751 1130 3804 teste
1159 3738 1312 3803 Athenaeo

244 3842 310 3923 (lib.
332 3842 376 3908 tx.
405 3867 454 3930 pg.
483 3836 561 3926 402')
591 3851 620 3911 in
650 3846 768 3922 fabulis,
798 3867 871 3932 quas
901 3847 930 3907 in
959 3842 1058 3909 Sicilia
1087 3844 1311 3926 conscripserat,

244 3946 292 4010 hic
314 3944 372 4008 illic
394 3945 515 4010 dorismi
538 3947 630 4013 Siculi
653 3949 787 4033 exempla
817 3945 1016 4011 recurrebant.
1060 3944 1147 4011 Adde
1171 3941 1313 4029 periodos

245 4051 362 4134 saepius
386 4050 416 4145 in
438 4050 611 4112 immensum
636 4071 727 4134 paene
750 4062 950 4125 excurrentes,
974 4045 1151 4111 anacolutba
1174 4058 1202 4109 ct
1224 4066 1313 4131 asyn-

245 4152 311 4216 deta
334 4154 365 4216 in
386 4163 445 4215 tam
462 4149 590 4237 abrupto
615 4163 651 4226 et,
675 4162 709 4213 nt
725 4154 764 4214 ite
779 4150 882 4228 dicam,
906 4152 1057 4237 praecipiti
1073 4148 1189 4213 dicendi
1206 4167 1314 4234 genere

245 4251 490 4340 frequentissima,
519 4251 707 4340 pleonasmos
734 4251 860 4339 denique
894 4251 930 4316 ab
959 4264 1073 4315 austera
1102 4250 1151 4313 illa
1177 4249 1312 4324 dictione,
