3062 4834
689 258 722 318 ··
754 194 1179 374 ⁸=‘÷÷2··:·:·=:.=
1220 248 1273 322 ²⁷·

202 445 227 514 ci
252 448 492 514 κατάπτυστον
513 474 539 515 κ.
562 449 634 515 Tro.
658 448 749 516 1024.
772 487 815 526 ε-
836 446 962 511 Prodeat
985 468 1075 532 porro
1089 446 1268 511 vocabulum

201 546 318 634 ὄνομα,
342 549 378 612 de
405 571 465 635 quo
488 549 624 615 Klotzius
654 551 691 614 ad
713 550 779 636 lph.
808 550 844 615 T.
868 572 896 614 v.
919 544 982 612 877
1005 547 1100 627 (907)
1144 560 1268 624 „uotum

201 651 265 726 hoc,
289 652 393 737 inquit,
417 673 512 737 genus
535 652 675 737 loquendi
698 652 887 727 Graecorum,
910 662 945 713 ut
966 653 1115 714 notionem
1143 649 1268 714 alicuius

199 755 241 815 rei
276 752 485 839 amplificantes
520 748 626 837 ὄνομα
659 753 782 817 alicuius
815 756 858 816 rei
891 752 989 815 dicant
1021 774 1076 838 pro
1111 774 1142 814 re
1175 755 1266 838 ipsa.“

200 854 337 918 Attamen
369 854 472 918 subest
503 854 658 919 diversitas
691 854 833 941 quaedam
867 876 984 930 sensus3
1018 856 1094 917 inest
1127 855 1202 916 euim
1236 856 1266 915 in

200 954 459 1019 circumlocutione
481 968 533 1020 aut
554 957 665 1042 gloriae
688 968 716 1020 et
746 956 859 1020 decoris
881 958 973 1031 notio,
1018 954 1098 1041 (lph.
1126 954 1163 1022 T.
1189 952 1266 1020 907:

200 1053 290 1129 ὅπως
311 1056 349 1121 τὸ
372 1056 499 1122 κλεινδν
521 1053 627 1140 ὄνομα
648 1062 704 1141 τῆς
727 1063 890 1145 σωτηρίας
911 1054 1068 1140 λαβόντες
1089 1055 1124 1120 ἐκ
1139 1058 1193 1139 γῆς
1214 1060 1267 1139 βη-

199 1153 358 1238 σόμεσθα
379 1157 546 1245 βαρβάρου
560 1188 601 1216 =
617 1160 734 1245 egregia
757 1158 859 1222 salutis
882 1169 1064 1245 perpetratae
1081 1156 1166 1220 laude
1182 1176 1267 1220 coro·

199 1258 267 1321 nati.
382 1257 448 1324 Hee.
471 1258 548 1326 380:
592 1257 675 1326 adut
707 1263 818 1343 μεῖζον
851 1261 981 1346 ἔρχεται
1013 1262 1070 1342 τῆς
1102 1253 1266 1337 εὐγενείας

200 1350 305 1440 ὄνομα
326 1366 436 1424 τοῖσιν
458 1357 560 1439 ἀξίοις
586 1390 626 1417 =
653 1365 756 1426 crescit
783 1360 945 1425 nobilitatis
977 1360 1065 1438 laus.)
1093 1369 1145 1421 aut
1166 1360 1266 1442 expri-

199 1459 290 1521 mitur
311 1459 369 1536 itta,
401 1460 437 1539 dc
464 1484 495 1525 re
523 1467 586 1547 ipsa
614 1475 730 1548 praeter
756 1483 863 1526 nomen
892 1462 932 1524 nil
960 1464 1079 1523 omniuo
1103 1479 1265 1545 superesse.

200 1557 266 1634 (eir.
288 1559 408 1647 Pilugk.
431 1552 469 1626 ad
492 1563 562 1630 Hce.
583 1561 655 1631 435.
681 1562 822 1629 Matthiae
845 1561 880 1629 ll.
904 1582 954 1649 pg.
977 1560 1065 1640 799.)
1088 1560 1138 1627 ele.
1152 1560 1264 1625 Phoeu.

199 1658 295 1727 1702:
319 1658 344 1729 ai
370 1665 534 1749 φίλτατον
560 1663 626 1750 δῆτ’
657 1661 763 1747 ὄνομα
794 1664 1011 1735 Πολυνείκους
1038 1664 1125 1744 ἐμοί,
1157 1665 1265 1748 quibus

198 1765 297 1829 verbis
333 1768 484 1851 Antigona
520 1767 674 1854 significat,
712 1778 781 1853 post
815 1762 973 1828 infaustam
1007 1763 1104 1827 fratris
1141 1777 1265 1830 mortem

198 1865 289 1929 solam
312 1870 438 1931 nominis
462 1872 629 1933 memoriam
652 1868 781 1932 solamen
802 1868 857 1953 ipsi
873 1868 1021 1949 praebere.
1050 1865 1114 1951 lph.
1138 1866 1174 1933 T.
1187 1866 1264 1934 663:

193 1963 370 2046 Ἀχιλλέως
392 1965 498 2053 ὄνομα
520 1971 555 2035 de
579 1983 696 2035 mortuo
720 1968 829 2032 Pelide.
854 1966 906 2033 Or.
928 1965 1025 2034 1082:
1054 1963 1267 2035 alnoOecvtiv

198 2064 287 2152 ὄνομ’
319 2066 449 2153 ὁμιλίας
474 2074 564 2157 ἐμῆς,
591 2074 717 2156 quidm)
746 2070 855 2157 quibus
885 2068 1004 2134 Orestes
1032 2070 1147 2132 iamiam
1175 2072 1265 2133 mori·

197 2182 284 2235 turus
307 2171 443 2235 valedicit
465 2173 580 2259 Pyladi,
609 2177 693 2236 euius
720 2194 882 2259 numquam
911 2175 942 2234 in
967 2182 1119 2257 posterum
1142 2174 1267 2235 amicitia

196 2294 307 2336 usurus
335 2286 386 2339 est.
417 2310 460 2323 —-
493 2274 535 2339 De
563 2297 621 2339 usu
650 2273 786 2338 vocabuli
813 2277 911 2356 σῶμα
944 2272 1100 2358 diligenter
1128 2272 1266 2337 disseruit

196 2373 362 2439 Ellendtius
389 2379 419 2440 in
443 2377 498 2442 lex.
522 2376 615 2463 Soph.
646 2400 668 2444 s.
692 2401 720 2445 v.
750 2397 847 2462 neque
873 2376 1034 2443 abhorrent
1062 2398 1078 2438 a
1106 2375 1264 2461 Sophoclis

197 2477 410 2542 cousuetudine
432 2478 609 2564 Euripidea:
644 2477 724 2565 Cycl.
748 2477 824 2545 690:
860 2474 943 2561 σῶμ’
962 2474 1159 2548 Ὀδυσσέως
1180 2475 1266 2541 τόδε.

198 2576 307 2644 Phoen.
338 2575 433 2646 15075
468 2581 615 2666 Σφιγγὸς
641 2578 759 2645 ἀοιδοῦ
789 2600 820 2644 σ.
851 2578 1026 2666 φονεύσας.
1064 2577 1179 2644 Heracl.
1208 2577 1264 2641 91:

197 2675 320 2768 οὐγὰρ
348 2676 430 2764 σῶμ’
454 2678 635 2770 ἀκήρυκτον
661 2678 747 2767 τόδε.
778 2679 866 2745 Addo
888 2680 952 2747 Alc.
969 2677 1041 2744 636.
1078 2680 1171 2749 Andr.
1193 2677 1265 2747 315.

197 2781 284 2848 Baelo.
308 2780 380 2850 137.
403 2782 447 2849 El.
471 2781 543 2853 698.
568 2781 752 2851 tarano.
768 2782 839 2849 301.
863 2781 973 2848 Herod.
996 2778 1068 2849 529.
1084 2784 1154 2851 601.
1179 2785 1264 2851 Herc.
1319 2864 1323 2871 ¹

196 2881 309 2951 t909.
344 2884 434 2972 Hipp.
456 2884 528 2953 250.
560 2885 623 2972 lph.
646 2889 681 2950 A.
706 2882 798 2949 1221.
832 2881 883 2948 Or.
908 2879 998 2952 1075.
1033 2886 1105 2954 Tro.
1127 2883 1199 2952 958.
1222 2925 1264 2937 --

195 2986 310 3049 Oeiude
339 3008 414 3073 quae
446 2987 484 3051 ad
510 2989 645 3074 eorporis
674 2985 805 3050 membra
832 2989 978 3073 animique
1006 3010 1109 3053 seusus
1132 3001 1267 3076 spectant

195 3086 327 3151 breviter
349 3086 518 3157 indicemus.
556 3089 636 3155 Sunt
657 3101 753 3153 autern
776 3087 848 3152 haec
869 3091 1068 3175 potissimum:
1092 3092 1153 3157 Alc.
1168 3091 1264 3154 1133:

197 3182 403 3278 ὦφιλτάτης
429 3192 580 3272 γυναικὸς
607 3188 706 3275 ὄμμα,
750 3190 835 3256 Herc.
858 3188 878 3256 f.
900 3189 978 3259 OOO:
1016 3191 1071 3264 δδς
1097 3191 1265 3282 πατρῴοις

193 3290 349 3375 δώμασιν
380 3293 443 3356 σδν
475 3287 550 3375 ὄμμ’
585 3293 677 3358 ἰδεῖν.
726 3293 788 3359 lon.
823 3291 921 3357 1261:
970 3287 995 3358 cl
1027 3292 1264 3383 ταυρόμορφον

198 3388 290 3477 δμμα
313 3394 469 3479 Κηφισοῦ
492 3392 627 3480 πατρός.
643 3431 686 3441 -
701 3394 771 3458 Hec.
795 3391 873 3456 286:
897 3389 922 3459 ιδ
945 3397 1045 3482 φίλον
1065 3399 1192 3476 γένειον
1212 3394 1265 3460 ubi

197 3493 343 3559 videndus
376 3493 544 3582 Piluglcius.
576 3532 617 3542 -
651 3492 701 3559 Or.
726 3492 823 3558 1049:
858 3489 1012 3584 cloce‘ov'
1047 3495 1204 3585 ἀδελφῆς,
1239 3495 1263 3565 ὦ

197 3599 297 3683 φίλον
319 3594 522 3686 πρίςπτυγμ
540 3594 628 3681 ἐμόν,
649 3633 687 3644 --
712 3597 796 3661 llere.
819 3592 932 3663 1435:
956 3599 1002 3673 είς
1024 3599 1061 3665 δὲ
1084 3601 1146 3673 σοὶς
1167 3606 1265 3692 χέρας

196 3700 311 3782 βλέπει
334 3695 513 3781 δώματ’(α)
536 3711 565 3762 et
586 3721 673 3786 saepe
695 3698 731 3766 al.
745 3736 787 3746 —
803 3698 865 3766 Hel.
890 3697 986 3765 1555:
1008 3699 1159 3790 ταύρειος
1180 3702 1265 3777 πούς

197 3813 226 3864 et
248 3821 322 3885 quac
344 3810 415 3864 sunt
436 3800 550 3865 similia.
584 3841 618 3850 -·
649 3801 764 3868 Heracl.
785 3799 864 3867 583:
888 3800 951 3889 ἡμὴ
972 3803 1123 3894 πάροιθε
1144 3806 1265 3894 καρδία

197 3900 417 3987 σφαγήσεται.
439 3943 478 3952 -
501 3902 570 3971 Hec.
593 3899 648 3969 87:
670 3909 738 3971 τιοδ
761 3928 845 3971 ποτε
866 3909 968 3971 θείαν
986 3900 1128 3971 Ἕλίνοο
1150 3905 1267 3995 ψυχδιν

197 3998 441 4094 ἢΚασοὶνδρας
463 4007 574 4084 ἐςίδως
609 4046 646 4054 -—
681 4006 771 4073 Addo
803 4008 867 4074 Alc.
900 4006 977 4072 362:
1011 4017 1092 4096 πρὶν
1121 4008 1167 4082 εἷς
1194 4011 1265 4094 φῶς

198 4105 260 4172 σδν
284 4111 494 4193 καταστῆσαι
526 4113 607 4193 βίον.
642 4107 691 4177 elr.
716 4110 804 4178 Bach.
829 4109 922 4178 1339.
955 4148 998 4160 -
1029 4109 1140 4174 Phoco.
1165 4103 1264 4177 1533:

198 4208 319 4287 δεῖξον,
338 4208 519 4287 Οἰδιπόδα,
543 4211 605 4277 σδν
627 4211 734 4278 αἰῶνα
755 4214 881 4295 μέλεον.
895 4253 933 4263 -
955 4212 1019 4280 Alc.
1043 4205 1119 4276 171:
1141 4209 1265 4301 χρωτὸς
