3062 4834
1259 244 1306 312 15

232 444 437 509 tantummodo
472 441 634 530 pleonasmi
682 441 799 504 nominc
836 461 868 502 ea
899 440 1087 527 complexum
1132 464 1203 519 esse,
1234 462 1310 527 quae

233 530 471 634 longc'maxirua
501 564 539 607 ex
567 555 650 632 parte
680 554 738 606 tam
766 541 870 629 procul
899 545 1007 606 absunt
1037 541 1073 606 ab
1097 546 1176 608 inuni
1199 543 1310 607 redun-

233 647 340 725 dantia,
364 660 399 712 ut
421 650 481 711 siut
503 645 685 711 felicissimae
709 647 851 709 ubertatis
873 645 1041 730 specimina.

320 753 362 815 ac
384 752 512 839 primum
535 745 653 835 quidem
677 745 759 833 quod
782 747 872 807 statui
895 744 1057 831 pleonasmi
1085 761 1190 832 genus,
1220 769 1309 833 quam

233 852 295 916 late
314 863 421 938 pateat,
445 854 475 913 in
499 847 611 934 vulgus
635 860 748 913 notum.
793 845 869 913 Nolo
893 848 986 933 igitur
1008 851 1107 913 omnia
1130 870 1313 936 expromere,

232 954 283 1018 sed
315 973 409 1038 pauca
436 949 536 1025 affero,
566 968 641 1035 quae
674 952 706 1011 in
733 946 843 1011 deliciis
874 946 1010 1034 Euripidi
1039 952 1183 1017 videntur¹
1207 949 1310 1019 fuisse.

234 1056 419 1140 Quamquam
449 1050 517 1117 Orci
554 1053 633 1116 cives
664 1050 790 1136 simplici
819 1047 965 1113 vocabulo
1003 1053 1115 1141 νεκρός
1143 1053 1188 1117 vel
1219 1059 1310 1127 νέκυς

233 1157 304 1220 satis
326 1156 401 1220 benc
424 1153 637 1241 significantur,
653 1163 874 1217 consueverunt
888 1163 984 1215 tamen
1000 1165 1113 1241 poetae,
1129 1177 1189 1243 quo
1205 1155 1310 1219 melius

233 1257 295 1345 ipsa
314 1256 473 1343 verborum
497 1259 580 1343 copia
604 1258 766 1319 exstinctos
789 1275 852 1317 esse
867 1252 934 1316 illos
956 1268 1103 1341 appareat,
1120 1257 1309 1323 uberioribus

232 1362 277 1424 uti
299 1360 508 1425 locutionibus.
553 1357 639 1422 Hom.
664 1355 696 1422 ll.
719 1354 750 1422 7.
774 1353 845 1423 409.
874 1354 929 1422 00.
955 1356 1004 1431 11,
1027 1356 1080 1427 37.
1103 1357 1183 1428 49οτ
1219 1357 1309 1425 νεκύ-

233 1486 279 1528 ων
299 1459 592 1549 κατατεθνηώτων.
637 1458 731 1548 Soph.
760 1462 850 1545 Antg.
877 1456 935 1522 26:
964 1461 1024 1525 cdv
1052 1456 1216 1535 δ’άθλίως
1244 1466 1308 1526 δα-

232 1562 334 1629 νόντα
366 1563 587 1635 Πολυνείκους
619 1565 726 1639 νέκυν,
761 1582 821 1649 quo
853 1574 951 1627 taruco
987 1561 1053 1627 loco
1090 1560 1308 1643 redundantiae

232 1667 358 1751 speciem
373 1661 487 1727 adiecto
503 1660 646 1727 adverbio
661 1683 755 1749 prope
770 1662 923 1727 obscurari
939 1674 1016 1727 recte
1032 1666 1147 1728 monuit
1162 1662 1307 1729 Schmidt.

233 1766 269 1830 de
302 1764 398 1830 ubert.
431 1762 460 1828 ll.
483 1762 513 1831 E.
545 1800 589 1812 -
622 1761 718 1850 Soph.
747 1765 818 1829 Ant.
849 1760 928 1828 515:
962 1758 1307 1839 concanonicorum.

17 1856 19 1911 l
104 1893 110 1897 ·
232 1868 322 1937 Plura
345 1865 538 1954 suppeditant
557 1865 711 1953 Euripidis
734 1863 863 1929 fabulae:
887 1870 981 1933 νέκυν
1004 1862 1163 1949 ὀλόμενον
1195 1865 1306 1933 Phoco.

231 1967 335 2036 1295.⁴
360 1967 423 2035 Hel.
449 1966 518 2035 178.
554 1971 731 2055 φθιμένων
753 1964 876 2033 νεκόων
912 1966 1019 2054 Suppl.
1043 1963 1096 2033 45.
1127 1964 1200 2033 975.
1231 1967 1306 2042 τοῦς

232 2068 404 2145 θανόντας
437 2067 570 2158 νεκροός
604 2067 717 2133 Phoen.
751 2067 844 2136 1476.
889 2070 993 2157 Suppl.
1024 2069 1096 2137 524.
1130 2066 1306 2135 δυνόντων

232 2167 375 2252 στόματα
417 2174 539 2256 νεκρῶν
594 2169 705 2235 Troed.
748 2170 797 2238 91.
852 2171 929 2244 τοῖς
969 2168 1136 2245 ὀλωλότας
1174 2168 1305 2256 νεκροός

232 2267 337 2357 Suppl.
368 2268 417 2333 16.
442 2267 512 2337 108.
544 2265 617 2335 558.
646 2308 688 2320 -
718 2272 778 2339 Nec
801 2274 898 2336 minus
920 2270 1118 2358 frequentavit
1146 2270 1201 2335 alia
1225 2272 1304 2333 eius*

230 2373 296 2436 dem
330 2374 455 2458 generis,
503 2390 580 2459 quae
612 2371 676 2438 aliis
704 2377 799 2461 poetis
832 2373 1006 2461 plerumque
1039 2385 1111 2438 sunt
1149 2375 1306 2449 inusitata;

229 2472 357 2560 μακρόν
391 2479 490 2559 μῆκος
524 2469 645 2560 χρόνου
689 2474 739 2540 Or.
773 2474 824 2542 72.
859 2475 909 2542 cir.
941 2476 1050 2543 Aesch.
1080 2473 1178 2540 Prom.
1210 2471 1301 2540 1024.

231 2571 328 2639 ἅλιον
349 2575 508 2653 πέλαγος·
540 2571 609 2636 Hec.
636 2574 708 2643 938.
735 2573 808 2645 950.
844 2578 939 2644 Andr.
963 2576 1061 2654 10143
1088 2577 1125 2644 έν
1147 2573 1302 2641 νώτοισιν

230 2678 371 2746 ποντίας
392 2669 490 2746 etde:
514 2672 576 2740 Hel.
602 2673 672 2741 129,
697 2676 781 2746 Herc.
804 2678 823 2747 s.
846 2679 919 2748 400.
964 2677 1024 2745 Clt‘.
1047 2678 1213 2757 πελαγίαν
1235 2673 1302 2740 ἅλα

228 2774 335 2840 Aesch.
359 2774 440 2851 Pers.
462 2772 533 2840 422.
556 2773 629 2842 462.
653 2771 820 2869 ἄνανδρον
841 2781 960 2871 χήρατο
998 2778 1092 2846 Andr.
1115 2775 1189 2842 348.
1227 2798 1303 2843 στυ-

228 2881 318 2957 γίους
340 2870 451 2963 dorcic:
471 2875 536 2942 Hel.
561 2876 653 2946 1339.
675 2890 819 2947 ποτανοὶ
842 2881 971 2949 οἰωνοίε
995 2882 1055 2946 ibd.
1080 2878 1171 2946 1480.
1199 2874 1303 2961 ἐμπό-

229 3000 287 3065 ρου
321 2976 452 3065 φλογός.
486 2976 546 3041 ibd.
576 2973 650 3047 746.
681 2980 716 3044 al.
761 2980 849 3065 Quod
880 2982 998 3069 quidem
1028 2981 1148 3047 deducit
1182 3001 1236 3044 nos
1266 2977 1303 3042 ad
1367 3043 1371 3051 ,

229 3077 310 3140 aliud
342 3077 459 3144 dicendi
488 3102 585 3168 genus
616 3083 652 3147 ab
682 3083 832 3170 Aeschylo
862 3096 890 3148 et
918 3084 1067 3172 Sophocle
1097 3086 1151 3148 etsi
1179 3080 1303 3145 sortasse

229 3195 290 3238 non
315 3199 439 3263 prorsus
470 3183 621 3262 evitatum,
656 3196 782 3250 attamen
818 3189 985 3250 cautissime
1020 3185 1195 3251 adhibitum.
1242 3181 1303 3248 cfr.

229 3275 357 3345 checli.
390 3280 427 3345 ad
458 3285 542 3353 Aiac.
566 3284 658 3354 1152.
702 3286 802 3355 Herm.
830 3286 939 3376 Opusc.
974 3289 995 3353 1.
1027 3286 1100 3356 224.
1144 3285 1302 3373 Euripides

226 3379 312 3457 enim,
335 3400 395 3466 quo
419 3385 482 3447 iure
504 3386 590 3461 (Hec.
612 3386 691 3466 938)
714 3412 805 3455 ausus
828 3401 891 3454 crat
912 3387 1009 3454 άλιον
1031 3389 1184 3468 πέλαγος,
1200 3386 1301 3451 eodem

170 3530 173 3535 .
224 3479 282 3545 sihi
305 3484 387 3546 visus
410 3495 455 3547 cst
476 3486 603 3551 scribere
625 3491 769 3572 πέλαγος
791 3488 885 3564 ἁλός·
928 3490 994 3577 lph.
1017 3489 1053 3556 T.
1070 3487 1143 3556 300.
1167 3488 1237 3555 Tro.
1250 3489 1302 3553 88.

224 3586 396 3668 pracsertim
419 3607 512 3673 quum
536 3586 685 3654 auctorem
700 3588 825 3656 haberet
846 3591 1111 3680 locupletissimum
1129 3590 1301 3661 Homerum.

224 3681 298 3763 (od.
321 3682 351 3762 5,
373 3684 452 3755 335:
476 3684 555 3764 ἁλός
577 3691 615 3758 ἐν
636 3690 873 3774 πελάγεσσιν);
900 3717 953 3759 nec
975 3715 1068 3781 pauca
1091 3690 1208 3756 effinxit
1234 3695 1302 3782 plus

224 3787 360 3849 minusve
382 3787 498 3875 cimilia.
542 3793 687 3874 πέλαγος
710 3796 851 3876 Αἰγαίου
874 3794 990 3884 κόρου.
1017 3794 1081 3860 Hel.
1107 3794 1177 3862 130.
1200 3797 1301 3880 οἶδμα

223 3885 367 3974 ττόντιον,ι
395 3889 534 3978 γλαυκῆς
563 3889 650 3967 ἁλός.
679 3894 740 3960 ibd.
767 3896 840 3965 400.
871 3898 928 3962 διά
956 3896 1096 3964 πόντιον
1127 3892 1198 3981 κῦμ’
1231 3892 1301 3963 ἁλέ-

222 4013 349 4075 κτυντον
371 3986 488 4081 άλμας.Ι
510 3993 600 4080 Hipp.
611 3992 674 4059 753
697 3998 807 4076 (multo
830 4002 917 4063 ctiam
939 3998 1082 4064 tumidius
1113 3998 1177 4065 Hel.
1201 3994 1299 4067 1501:

219 4089 364 4169 γλαυκόν
384 4088 437 4160 ἐπ’
467 4091 552 4180 οἶδμ’
587 4093 684 4163 δλιον
717 4098 905 4190 κυανόχροά
936 4125 973 4167 τε
1009 4098 1164 4186 κυμάτων
1196 4100 1301 4188 ῥόθια

220 4194 324 4260 notre
349 4193 558 4278 θαλάσσας).
581 4233 624 4247 -
646 4198 814 4290 δροσώδης
835 4200 957 4278 δδατος
978 4200 1075 4279 νότις.
1115 4203 1203 4274 Bach.
1224 4198 1298 4273 705.
