3062 4834
321 540 387 628 lph.
410 540 446 606 T.
471 538 550 604 231:
574 535 741 619 σύγγονον
765 534 802 600 δν
825 537 940 602 ἔλιπον
963 533 1201 616 ἐπιμαστίδιον
1268 572 1271 575 ,
1377 541 1379 546 ’

324 643 374 709 ἔτι
396 647 526 732 βρέφος,
550 641 599 706 ἔτι
621 643 709 717 νέον,
734 639 781 705 ἔτι
804 634 911 709 edim

323 744 365 809 ἐν
386 751 500 831 χερσὶν
521 739 650 829 πατρὸς
671 742 755 828 πρὸς
777 742 925 824 στέρνοις
946 733 984 801 τ’·
1008 736 1074 799 κτλ.

239 847 324 908 cuius
348 844 402 907 loci
425 839 652 904 redundantiam
676 838 786 902 frustra
814 834 1035 922 interpretando
1066 837 1165 900 tollere
1193 838 1308 903 studuit

239 945 383 1010 Klotzius.
429 941 516 1028 Hipp.
549 935 626 1004 545:
672 939 735 1002 τδν
770 943 831 1022 μὲν
864 938 1012 1023 Οἰχαλίᾳ
1045 940 1171 1014 πῶλον,
1205 933 1308 1019 drapo

239 1047 389 1133 λέκτρων,
423 1038 589 1128 ἄνανδρον
621 1041 659 1106 τδ
693 1049 773 1126 πρὶν
805 1047 861 1104 καὶ
894 1034 1056 1125 ἄννμφον.
1080 1077 1122 1087 —-
1164 1040 1208 1104 El.
1232 1037 1309 1103 734³

238 1150 335 1234 ξηραί
354 1141 381 1210 τ’
402 1142 609 1228 Ἀμμωνίδες
631 1143 725 1231 ἕδραι
753 1134 913 1227 φ9·ίνοιισ’
937 1134 1177 1228 ἀπειρόδροσοι
1199 1141 1309 1205 καλλί-

240 1267 329 1311 στοιν
351 1241 481 1334 ὄμβρων
503 1247 629 1310 Δίοδεν
652 1251 832 1330 στερεῖσαι.
865 1243 951 1308 Herc.
975 1239 993 1309 l.
1018 1235 1108 1308 1035.
1144 1241 1231 1310 Bach.
1253 1239 1308 1304 54:

205 1386 209 1393 ·
323 1341 369 1413 ὧν
392 1340 493 1412 οὕνεκ’
519 1345 605 1416 εἶδος
626 1343 753 1427 δνητδν
776 1341 922 1422 ἀλλάξας
944 1344 1008 1424 ἔχω
1376 1364 1380 1372 ·

321 1445 453 1536 μόριμην
474 1441 500 1511 τ’
526 1445 606 1531 ἐμὴν
627 1446 811 1529 μετέβαλον
833 1446 879 1519 εἰς
902 1441 1022 1533 ἀνδρὸς
1044 1441 1157 1530 φύσιν.

323 1548 379 1631 lV.⁴
406 1547 559 1635 Sequitur,
591 1559 624 1610 ut
654 1546 690 1610 de
714 1550 873 1611 verborum
902 1545 1111 1610 iterationibus
1137 1554 1231 1632 pauca
1254 1568 1310 1610 ex-

239 1650 374 1739 ponenda
405 1672 468 1714 esse
498 1648 663 1716 videantur,
723 1647 804 1730 Quae
832 1669 923 1735 quum
951 1669 990 1711 ex
1016 1659 1138 1712 naturae
1166 1649 1311 1713 humanae

235 1753 304 1841 'lege
325 1755 414 1817 animi
443 1750 598 1816 affectibus
626 1751 881 1814 vehementissime
908 1751 1049 1836 exagitati
1077 1753 1214 1837 propriae
1242 1752 1310 1825 sint,

237 1855 299 1920 lieri
321 1878 382 1920 non
405 1867 511 1942 potest,
534 1856 606 1941 quin
630 1853 756 1940 plurima
779 1875 818 1915 ex
840 1866 922 1939 parte
944 1852 1028 1916 sedes
1051 1852 1173 1915 fixerint
1189 1856 1218 1916 in
1242 1875 1311 1916 can·

236 1960 309 2035 tieis,
336 1960 494 2045 praecipue
522 1961 552 2021 in
579 1978 687 2044 genere
718 1955 767 2018 illo
802 1955 1009 2019 monodiarum
1039 1977 1107 2018 vere
1138 1955 1313 2041 Euripideo.

237 2059 338 2147 Neque
369 2070 469 2123 menen
503 2058 561 2125 illis
593 2080 716 2145 prorsus
751 2069 851 2121 carent
884 2055 1028 2125 diverbia.
1078 2057 1190 2122 Omitto
1223 2060 1310 2120 nimis

237 2162 305 2224 trita
329 2159 526 2247 omnibusque
549 2163 644 2246 poetis
668 2161 842 2235 commuuio,
856 2171 890 2223 ut
905 2158 1089 2245 anadiplosin
1105 2159 1309 2246 appellationis

237 2257 278 2340 (oi
299 2267 408 2339 τέκνα,
430 2267 530 2327 τέκνα
552 2261 666 2326 Herael.
689 2260 761 2340 48),
785 2260 945 2346 particulae
971 2263 1201 2348 interrogativae
1223 2269 1312 2341 ¹(troi

236 2372 300 2429 ποῖ
329 2363 472 2448 διωχμδν
499 2363 563 2450 lph.
590 2363 627 2431 T.
652 2358 759 2441 1435.)
788 2361 855 2441 (eir.
887 2362 937 2427 Or.
959 2360 1030 2430 298.
1061 2362 1132 2430 470.
1160 2363 1205 2428 El.
1231 2362 1310 2442 487)
1377 2414 1387 2440 ,

246 2467 411 2552 imperativi
435 2463 563 2544 (Phoeu.
587 2464 686 2533 1280:
710 2462 811 2546 ἔπειγ’
836 2468 948 2544 ἔπειγε
969 2464 1124 2554 διῗχαιερ.
1157 2465 1216 2532 lbd.
1239 2463 1311 2532 584.

237 2566 280 2632 ΕΙ.
313 2563 386 2631 679.
420 2568 482 2634 lon.
516 2565 589 2631 738.
626 2567 676 2632 Or.
715 2566 785 2630 219.
822 2565 912 2634 1311.
948 2565 1039 2631 1349.
1074 2567 1183 2634 Troad.
1217 2567 1311 2647 304);

237 2679 351 2733 restant
382 2680 480 2731 tameo
513 2667 595 2732 haurd
627 2690 729 2755 pauca,
764 2690 838 2755 quae
872 2681 900 2731 et
933 2668 1122 2732 insolentiores
1156 2682 1186 2732 et
1219 2673 1310 2733 animi

235 2769 438 2834 vehementius
473 2772 613 2856 exagitati
647 2775 836 2835 excusatione
872 2770 1020 2834 interdum
1054 2783 1124 2835 surrt
1157 2772 1311 2835 destituta:

235 2875 320 2937 euius
351 2872 477 2937 levitatis
503 2875 662 2960 specimina
690 2893 781 2959 quum
812 2872 892 2960 apud
921 2872 1104 2959 Aeschylum
1134 2886 1197 2937 tutu
1227 2873 1307 2958 apud

233 2974 416 3063 Sophoclem
432 2973 541 3039 lrustra
559 2997 693 3062 quaeras.
708 3014 751 3026 -
765 2975 854 3039 Hune
878 2987 974 3040 autem
998 2979 1199 3041 innumerum
1216 2973 1312 3039 relero

234 3077 328 3144 Andr.
352 3075 430 3142 245:
454 3078 543 3164 σοφὴ
565 3078 654 3164 oapi]
678 3076 729 3143 σύ·
752 3082 937 3143 κατθανεῖν
960 3076 991 3143 δ’
1016 3075 1103 3162 ὅμως
1126 3098 1165 3143 σε
1187 3080 1244 3144 δεῖ.
1269 3078 1305 3146 cl.

234 3178 324 3244 Bach.
358 3174 430 3247 655.
465 3179 531 3246 Alc.
567 3178 774 3248 10171093.
809 3179 922 3244 Heracl.
950 3178 1028 3244 449:
1063 3186 1143 3269 χρῆν
1164 3187 1244 3267 χρῆν
1265 3175 1311 3265 ἄῤ

130 3300 132 3303 ’
233 3275 318 3363 λχμᾶς
341 3275 460 3367 ἀνδρὸς
483 3282 528 3356 εἷς
551 3281 675 3371 ἐχθροῦ
699 3284 798 3370 χέρας
821 3278 989 3355 πεσόντας
1011 3283 1077 3348 κτλ.
1111 3282 1205 3348 Andr.
1228 3280 1307 3346 979:

237 3378 325 3463 κιλχιδ
352 3383 511 3457 τοιαεινδς
539 3379 585 3449 tia
612 3383 727 3465 τύχαις
754 3390 828 3458 ταῖς
856 3382 993 3450 οἰκόθεν
1022 3378 1141 3469 ἥλχοον
1167 3390 1230 3469 μὲν
1258 3379 1310 3470 λλλ-

237 3507 330 3564 χοιιν,
369 3483 544 3571 σιιμιμοριλς
582 3481 611 3548 δ’
641 3482 822 3572 ἠνειχόμην·
867 3485 993 3572 denique
1022 3486 1080 3550 ibd.
1104 3484 1168 3550 678
1190 3490 1221 3551 in
1244 3509 1310 3551 ora·

237 3587 318 3648 tione
347 3607 491 3673 perquam
523 3584 622 3650 sedata
649 3589 753 3674 γέρων
780 3589 883 3674 γε’ριον
911 3589 949 3653 εἶ·
979 3588 1046 3653 κτλ.
1076 3625 1119 3637 --
1149 3590 1209 3653 lam
1238 3612 1310 3652 vero

236 3689 266 3749 in
294 3689 413 3751 canticis
442 3699 552 3774 quanta
588 3709 654 3753 eum
691 3690 918 3774 intemperantia
952 3711 985 3752 ac
1013 3690 1130 3755 levitate
1157 3691 1309 3778 Ereripidis

236 3790 404 3853 iterationes
427 3790 603 3868 adhibuerit,
627 3793 771 3855 nemiuem
793 3788 879 3878 fugit.
924 3790 1043 3876 Quanto
1067 3797 1143 3857 enim
1167 3796 1310 3858 ieiuniora

235 3903 305 3957 sunt
328 3894 465 3968 carmina,
494 3903 575 3956 tanto
602 3894 739 3981 cupidius
767 3895 823 3959 hoc
851 3893 949 3958 luceto
978 3897 1075 3959 nitore
1108 3908 1308 3961 exornantur:

179 4028 181 4033 ·
235 4016 294 4081 quo
318 3995 359 4073 fit,
383 4007 417 4058 ut
433 3992 547 4058 Orestis
570 3993 677 4072 sabula,
702 4017 778 4083 quae
794 3999 924 4061 omnium
947 4000 1183 4063 existimaturum
1200 3999 1308 4063 iudicio

234 4099 405 4184 longissime
432 4097 540 4162 recedit
574 4122 588 4162 a
620 4121 706 4163 verae
741 4102 839 4184 poesis
876 4099 1028 4186 dignitate,
1065 4100 1153 4187 longe
1181 4101 1308 4187 plurima

234 4198 372 4284 praebeat
394 4202 546 4286 exempla3
570 4204 600 4265 in
623 4200 685 4265 sola
708 4202 784 4265 enim
807 4199 937 4287 Phrygis
961 4202 1098 4266 monodia
1121 4216 1164 4280 (v.
1183 4202 1308 4266 1369-

235 4294 343 4383 1502.)
365 4303 506 4391 leguntur
533 4317 566 4370 ut
594 4306 748 4371 minimum
778 4305 893 4390 viginti.
923 4342 964 4352 --
998 4304 1066 4391 lpsa
1097 4318 1203 4383 autem,
1232 4326 1308 4391 quae
