3062 4834
1257 258 1303 328 17

236 458 440 547 τυραννίδες;
465 458 549 526 Herc.
572 454 679 525 [474.
703 459 829 542 λαιμοίε
854 455 903 522 Or.
923 450 1013 522 1513,
1036 460 1154 544 δρόμοι
1170 458 1304 544 νεκρῶντ

235 560 347 628 Phoeu.
371 558 462 630 1635.
501 561 627 626 Tantam
645 581 717 626 vero
740 562 854 646 copiam
877 563 927 646 qui
951 557 1192 633 consideraverit,
1216 559 1304 622 mira-

235 663 318 728 bitur
340 663 479 750 prolecto,
503 662 575 729 haec
591 666 752 750 composita
768 682 864 747 neque
887 660 967 747 apud
983 659 1163 745 Aeschylum
1180 672 1304 736 exstare,

236 787 331 853 neque
353 767 434 853 apud
455 766 650 852 Sophoclem
673 788 741 829 nam
764 763 843 850 quod
867 762 977 849 legitur
999 760 1053 848 ing.
1078 762 1185 831 Achill.
1210 764 1304 828 Erast.

236 866 265 944 2,
292 866 368 953 (157
396 867 526 946 Nauck.)
556 868 711 946 δίπτυχοι
738 862 865 940 όδόναι,
901 875 979 927 recte
1006 863 1081 927 illud
1109 861 1305 952 fragmentum

237 970 379 1057 Sophocli
403 968 584 1034 abiudicasse
606 965 727 1031 videtur
749 965 912 1031 Dochraeus.
929 1001 968 1014 -
993 965 1031 1029 Ut
1053 978 1150 1030 autem
1173 969 1204 1030 in
1226 970 1306 1032 voci·

237 1072 294 1137 hus
317 1073 474 1151 δίπτυχος
497 1083 526 1135 et
548 1074 727 1159 τρίπτυχος
751 1069 814 1133 sola
837 1068 916 1132 valet
937 1067 1097 1141 numeralis
1119 1069 1305 1156 significatio,

236 1178 278 1239 ita
300 1176 385 1239 etiam
408 1174 438 1237 in
461 1173 524 1236 aliis
554 1170 731 1259 quibusdam
759 1168 910 1234 adiectivis
939 1192 1004 1234 cum
1035 1169 1177 1235 adverbio
1203 1192 1307 1235 nume·

239 1275 292 1340 rali
328 1277 506 1361 compositis.
552 1275 660 1338 Poetae
697 1275 773 1337 enim
811 1295 876 1337 cum
913 1272 1126 1360 intellegerent,
1164 1271 1303 1360 simplicis

239 1377 398 1443 numeralis
426 1378 606 1441 ieiunitatem
638 1396 743 1463 parum
774 1374 876 1440 decere
905 1378 1009 1463 tragici
1041 1377 1177 1440 carminis
1214 1375 1308 1440 subli-

240 1483 379 1557 mitatem,
414 1481 620 1544 venustissime
654 1480 826 1563 compositis
859 1481 905 1542 usi
948 1490 1027 1554 sunt,
1067 1482 1107 1542 ita
1138 1490 1245 1555 tamem
1275 1489 1309 1542 ut

239 1582 384 1648 secundae
418 1585 509 1668 partis
543 1594 664 1667 etymon
696 1582 846 1643 notionem
880 1578 987 1644 habeat
1019 1580 1191 1666 ampliorem
1220 1591 1309 1667 atque

240 1684 313 1751 adeo
335 1706 395 1751 non
419 1686 679 1771 circumscriptam,
696 1695 730 1748 ot
745 1681 827 1747 facile
851 1681 1009 1748 delitescat.
1033 1687 1116 1750 Herc.
1141 1681 1198 1750 lor.
1211 1681 1308 1752 1023:

240 1790 339 1853 τέκνα
367 1790 503 1875 τρίγονοι
529 1781 711 1871 τεκόμενος.
756 1784 819 1852 lon.
847 1783 925 1848 496:
948 1785 1043 1873 κόραι
1066 1790 1218 1875 τρίγονοι.
1263 1785 1309 1853 ill.

241 1886 337 1952 1179:
377 1889 493 1970 δίχονα
526 1885 668 1972 στόματα
704 1886 740 1952 de
778 1886 954 1973 corporibus
979 1886 1117 1974 Aegisthi
1152 1901 1182 1951 et
1207 1886 1309 1975 Clyte·

241 2002 395 2067 mnestrae
419 1988 453 2057 cl.
470 1989 564 2076 Soplr.
587 1989 643 2077 seg.
658 1989 733 2054 137:
757 1994 890 2077 φοίνιον
910 1987 1093 2075 ,acroama
1116 1990 1310 2072 δίχονον.-

242 2090 306 2178 lph.
323 2092 392 2158 Aul.
408 2091 488 2160 277:
526 2090 772 2157 δωδεκάστολοι
794 2095 870 2164 νᾶες
892 2090 1106 2177 significatione
1123 2093 1195 2156 nihil
1211 2092 1310 2159 differt

241 2192 424 2270 οδιόδεκα;
451 2213 517 2258 nam
545 2191 626 2280 quod
654 2192 690 2256 de
716 2191 806 2257 hurus
829 2192 967 2257 vocabuli
994 2194 1025 2255 vi
1050 2194 1121 2257 scite
1142 2194 1309 2263 Ellendtius

241 2300 271 2361 in
296 2296 352 2363 lex.
376 2295 470 2382 Soph.
494 2294 517 2362 l.
540 2293 604 2360 436
626 2316 649 2360 s.
673 2317 700 2361 v.
725 2295 878 2367 δίστολος
900 2298 1047 2380 exposuit,
1076 2296 1105 2360 id
1135 2300 1166 2360 in
1187 2288 1310 2385 Euripi·

242 2398 287 2463 dis
309 2398 406 2463 locum
431 2401 547 2463 minime
570 2395 703 2484 quadrat.
747 2396 912 2482 Sophocles
935 2395 1007 2462 Oed.
1032 2397 1094 2465 Col.
1119 2394 1202 2469 1058
1224 2402 1310 2467 Anti-

242 2523 349 2588 gonam
380 2512 409 2563 ct
438 2500 584 2565 ismenem
615 2511 692 2564 recte
726 2511 843 2586 poterat
869 2501 1016 2587 appellare
1051 2501 1110 2576 τοὶς
1139 2500 1311 2578 διστόλους

243 2599 392 2689 ἀδμῆτας
415 2598 578 2688 όδελφόςς
601 2603 697 2676 „inest
712 2605 789 2664 enim
809 2605 840 2664 in
856 2600 975 2675 στόλος
990 2603 1108 2689 elegans
1122 2604 1307 2688 significatio,

243 2703 325 2791 quod
357 2706 387 2766 in
420 2705 485 2788 ipso
518 2704 622 2767 itinere
654 2725 670 2765 a
697 2702 815 2766 Theseo
850 2702 1003 2769 liberatum
1037 2705 1100 2769 illas
1133 2709 1169 2770 iri
1202 2706 1311 2773 chorus

244 2815 438 2893 auguratur.“
460 2805 575 2870 Pariter
595 2805 692 2892 Soph.
709 2805 784 2888 Phil.
801 2803 879 2869 496:
902 2802 1111 2875 αι’πόστολον
1124 2813 1312 2900 πέμψαντα

242 2906 274 2993 μ’
303 2910 450 2996 ἐκσῷσαι
480 2906 594 2993 δόμοις
627 2930 696 2974 sane
729 2912 811 2997 prior
842 2911 997 2995 compositi
1034 2911 1115 2972 notio
1147 2907 1248 2985 αότός
1275 2910 1313 2975 ad
1385 2934 1388 2939 ·

243 3033 361 3078 sensum
389 3011 553 3097 praevalet3
584 3033 679 3099 neque
707 3024 804 3076 tamen
830 3014 912 3076 notio
940 3010 1060 3077 alterius
1093 3014 1185 3098 partis
1212 3014 1312 3101 negle-

244 3112 341 3200 genda
362 3126 422 3190 τοῖς
450 3125 494 3178 est
520 3115 597 3179 enim
625 3109 829 3188 αὖτόστολος
858 3117 942 3200 „ipse
963 3123 1092 3200 parans“
1114 3115 1175 3182 scil.
1198 3137 1313 3182 navem.

244 3214 283 3278 In
313 3214 467 3300 iphigenia
503 3230 600 3282 autem
628 3216 784 3283 Aulidcnsi
811 3217 920 3281 chorus
949 3217 1069 3281 classem
1098 3217 1314 3304 contemplatur

241 3339 301 3382 non
325 3338 404 3381 mare
428 3332 657 3403 percurrentem,
685 3320 736 3385 sed
765 3323 796 3385 in
819 3321 904 3387 litore
928 3332 1062 3386 stantem.
1086 3360 1123 3368 κ
1149 3320 1212 3386 Alc.
1234 3319 1310 3388 407:

241 3422 401 3504 λείπομαι
424 3421 524 3507 φίλας
546 3420 749 3504 μονόστολος
771 3421 895 3512 ματρός
917 3452 958 3482 =
979 3422 1072 3495 solus⁴
1109 3421 1221 3488 Phoen.
1234 3421 1312 3491 742:

241 3519 349 3602 λόχων
371 3516 536 3586 όνόσσειν
558 3517 576 3606 il
597 3521 803 3606 μονοστόλου
827 3525 931 3613 δορός.
978 3524 1082 3593 Aesch.
1105 3525 1213 3613 Suppl.
1236 3525 1313 3591 496:

240 3627 368 3709 μορφῆς
405 3617 465 3703 οὐχ
501 3618 685 3708 ὁμόστολος
721 3621 822 3711 φύσις
855 3655 895 3681 =
929 3622 1048 3711 ὁμοῖος.
1078 3668 1118 3675 -
1163 3628 1253 3696 Rhes.
1277 3624 1313 3694 5:

242 3720 456 3812 τετρόμοιρος
479 3724 594 3799 νυκτός
609 3724 740 3813 φυλακή
762 3738 886 3813 propter
909 3727 1041 3793 ciusdem
1065 3729 1181 3795 fabulae
1198 3755 1224 3797 v.
1241 3725 1314 3808 542,

243 3843 303 3909 quo
332 3822 474 3891 docemur
502 3826 682 3913 praesidium
712 3832 807 3894 noctis
835 3832 864 3894 in
892 3832 1023 3918 quinque
1053 3846 1152 3919 partes
1183 3832 1313 3897 divisum

242 3923 340 4003 luisse,
369 3926 441 3990 nihil
474 3928 556 3993 aliud
584 3941 683 4016 potest
715 3953 786 4007 esse,
820 3953 908 4019 quam
942 3945 1048 4019 quarta
1079 3938 1172 4000 noctis
1203 3935 1313 4020 vigilia.

242 4027 268 4093 l.
292 4028 436 4095 Schmidt.
459 4030 477 4097 l.
501 4031 519 4096 l.
544 4053 592 4118 pg.
614 4030 666 4099 54.
695 4073 732 4081 -
768 4033 834 4119 lph.
858 4035 894 4102 T.
917 4035 994 4100 263:
1021 4037 1184 4111 κοιλωπὸς
1211 4034 1314 4121 δχμός

242 4130 282 4193 nil
306 4143 351 4195 est
372 4134 429 4196 nisi
457 4143 603 4211 „cavus“;
634 4138 665 4198 in
692 4136 843 4201 nonnullis
866 4140 953 4215 enim,
982 4159 1057 4225 quae
1087 4139 1315 4225 proficiscantur

242 4230 279 4294 ab
302 4228 368 4325 όόφ,
390 4239 627 4303 terminationem
650 4236 722 4302 nihil
746 4237 878 4303 conferre
901 4240 937 4304 ad
960 4240 1204 4326 significationem
1227 4241 1313 4304 docet

1105 4342 1127 4406 2
