3062 4834
1184 702 1350 851 pagi

1172 901 1388 1029 isat

1211 1076 1408 1195 maru

180 1185 348 1301 virorum
372 1231 400 1292 in
424 1226 575 1315 tragoedia
598 1248 703 1313 graeca
718 1227 896 1311 principum,
919 1223 1069 1310 Aeschyli,
1086 1221 1253 1308 Sophoclis,

180 1331 342 1418 Euripidis,
365 1333 390 1394 si
425 1334 493 1417 quis
523 1333 770 1414 comparationem
802 1329 965 1390 instituerit
999 1336 1152 1411 totumque
1184 1325 1254 1387 artis

179 1438 307 1523 tragicae
329 1434 486 1498 decursum
509 1434 622 1495 intento
645 1432 742 1494 animo
766 1432 1005 1504 consideraverit,
1018 1426 1100 1491 lacile
1115 1428 1254 1502 inveniet,

179 1536 367 1624 Sophoclem,
390 1546 424 1598 ut
445 1545 538 1597 aetate
562 1532 688 1595 medium
712 1543 792 1595 tenet
813 1534 890 1595 inter
914 1529 1093 1616 Aeschylum
1116 1540 1145 1592 et
1166 1528 1255 1592 Euri-

181 1640 276 1725 pidem
299 1636 406 1712 locum,
434 1638 472 1698 ita
497 1637 583 1697 etiam
611 1635 777 1697 elocutione
804 1632 933 1696 inedium
961 1630 1110 1718 quoddam
1139 1629 1255 1695 dicendi

178 1762 273 1826 genus
295 1759 358 1801 esse
379 1748 522 1802 secutum.
558 1735 660 1822 ltaque
683 1756 773 1822 quum
797 1736 829 1798 in
850 1736 994 1798 sermonis
1010 1730 1161 1818 Euripidei
1184 1753 1256 1817 pro·

179 1842 317 1925 prietates
340 1840 507 1903 accuratius
531 1837 631 1923 paullo
653 1840 802 1924 inquirere
825 1839 994 1922 coepissem,
1020 1857 1090 1899 mox
1113 1833 1253 1910 intellexi,

178 1941 259 2005 haud
296 1943 337 2004 ita
375 1962 515 2027 magnum
553 1951 585 2006 et
625 1961 718 2027 grave
755 1939 936 2003 intercedere
977 1937 1134 2001 discrimen
1157 1937 1252 2002 ,inter

179 2043 357 2129 Sophoclem
380 2054 409 2106 et
429 2042 613 2128 Euripidem,
638 2046 742 2130 utqui
765 2045 825 2105 sint
847 2053 941 2105 aetate
963 2060 1107 2125 suppares
1130 2036 1254 2101 multas-

178 2165 235 2231 que
258 2143 360 2207 eodcm
383 2156 514 2230 tempore
537 2148 668 2209 certatim
687 2142 801 2209 lahulas
818 2142 981 2219 docuerint,
999 2141 1124 2205 leviores
1148 2150 1254 2226 autem,

179 2267 254 2332 quae
275 2268 345 2309 sanc
369 2246 477 2309 inultae
500 2245 771 2331 deprehendantur,
802 2245 938 2310 dictionis
961 2244 1173 2329 discrepantias
1194 2264 1256 2305 non

178 2346 362 2433 temporibus
385 2359 436 2412 aut
458 2350 529 2411 artis
553 2352 717 2435 praeceptis
741 2354 818 2434 apud
843 2348 967 2412 alterum
992 2349 1085 2433 magis
1115 2343 1255 2429 expolitis

181 2448 354 2512 tribuendas
376 2471 448 2527 csse,
471 2450 523 2515 scd
545 2453 686 2536 peculiari
710 2454 866 2538 utriusque
889 2462 993 2537 poetae
1015 2450 1135 2536 ingenio
1157 2459 1187 2509 et
1208 2448 1254 2511 in-

182 2547 241 2611 doli
264 2548 373 2613 deberi.
418 2551 530 2613 Contra
551 2551 727 2636 Aeschylus,
751 2573 843 2638 quum
867 2551 970 2616 eodem
992 2550 1051 2614 lere
1073 2571 1150 2613 anno
1173 2571 1254 2612 rnor-

183 2662 252 2713 tuus
273 2651 321 2725 sit,
344 2671 404 2736 quo
428 2654 554 2734 primum
570 2654 601 2715 in
616 2673 733 2715 arenam
756 2656 898 2738 tragicam
915 2652 1072 2739 Euripides
1093 2649 1254 2725 descendit,

181 2755 252 2815 satis
281 2773 391 2838 magno
419 2756 561 2838 temporis
589 2752 746 2816 intervallo
774 2757 810 2817 ab
839 2753 890 2817 illo
920 2753 1011 2817 distat
1039 2773 1133 2841 eoque
1160 2755 1256 2816 utitur

182 2851 311 2933 dicendi
319 2875 436 2940 genere,
459 2854 538 2940 quod
563 2866 705 2918 nontam
729 2854 874 2941 elegantia
897 2876 985 2942 qoam
1014 2853 1182 2940 granditate
1208 2855 1255 2921 in·

180 2960 265 3044 signe
286 2959 394 3020 mirum
417 2969 560 3043 quantum
583 2956 743 3021 abhorreat
764 2962 800 3022 ab
823 2959 966 3022 orationis
978 2955 1132 3042 Euripidei
1154 2958 1256 3020 suavi-

183 3071 249 3122 tate.
294 3057 382 3142 Quod
409 3059 528 3146 quidem
557 3071 635 3123 rcctc
664 3063 816 3145 perspexit
842 3059 1067 3146 Aristophanes,
1094 3060 1254 3122 acerrimus

96 3202 99 3209 ·
184 3158 313 3242 prolecto
336 3173 365 3224 et
380 3161 628 3247 prudentissimus
641 3161 740 3240 iudex,
765 3165 819 3250 qui
835 3184 927 3249 quum
945 3161 1098 3248 Euripidis
1118 3160 1255 3246 exemplo

184 3260 385 3326 demonstrare
407 3263 504 3340 vellet,
518 3276 701 3351 quantopere
724 3267 913 3329 recessissent
934 3285 1005 3328 suae
1028 3266 1129 3327 aetatis
1151 3273 1255 3348 poetae

183 3362 287 3448 tragici
314 3385 330 3425 a
353 3365 517 3449 priscorum
546 3366 689 3453 dignitate
718 3390 750 3431 ac
779 3371 966 3454 praestantia,
996 3388 1055 3430 nou
1078 3363 1256 3451 Sophoclem

183 3463 235 3529 scd
257 3464 438 3550 Aeschylum
461 3487 528 3531 eum
551 3467 647 3555 clegit,
664 3490 751 3556 quem
774 3491 839 3534 cunr
862 3469 913 3533 illo
935 3466 1042 3533 faceret
1057 3467 1253 3534 altercantem.

184 3565 218 3629 ln
256 3565 408 3631 Raoarum
446 3571 523 3633 enim
558 3565 674 3637 fabulae
716 3584 799 3657 parte
839 3573 1003 3657 posteriore
1051 3568 1135 3651 (iude
1172 3592 1188 3633 a
1224 3591 1255 3637 v.

183 3666 535 3759 monstrandumque
558 3673 595 3738 de
616 3674 713 3759 palma
736 3677 849 3760 poetica
872 3672 1084 3760 disceptantem
1107 3682 1136 3734 et
1157 3672 1188 3734 io
1210 3691 1254 3752 ea,

184 3792 258 3857 quae
286 3771 473 3838 adversarius
502 3778 598 3840 minus
628 3775 791 3861 prudenter
820 3779 851 3840 in
886 3775 1047 3863 tragoediis
1077 3774 1283 3848 instituerat‚‘

184 3871 283 3941 verbis
305 3876 501 3939 acerbissimis
524 3878 720 3944 invehentem.
744 3881 844 3966 Atque
866 3865 1132 3963 siAristophancm
1155 3876 1255 3960 sequi·

185 3996 259 4051 mur,
283 3976 374 4039 multa
398 3981 519 4063 proprio
542 3983 662 4066 ingenio
685 3985 716 4045 in
738 3981 890 4046 tractanda
921 3983 1003 4068 poesi
1029 3981 1144 4044 scenica
1165 3975 1254 4040 Euri-

184 4076 267 4160 pides
288 4081 424 4142 novavit:
449 4100 524 4165 quae
545 4091 642 4145 tameo
666 4105 772 4171 magna
790 4096 926 4170 experte
948 4106 1008 4149 non
1031 4081 1068 4146 ad
1090 4099 1255 4145 sermonem

186 4180 338 4262 pertinent,
361 4181 413 4246 sed
436 4186 540 4249 autin
563 4186 691 4270 partium
718 4185 915 4275 descriptione
942 4188 1123 4272 actionisque
1151 4180 1254 4246 ordine

184 4293 236 4345 aut
262 4285 292 4346 in
321 4295 383 4348 arte
411 4288 530 4351 metrica
557 4301 724 4356 versantur.
769 4289 852 4374 Quae
885 4291 1020 4377 quamvis
1056 4309 1109 4374 per
1136 4306 1168 4348 se
1194 4285 1255 4347 sint

637 4424 857 4520 283310
