3062 4834
273 216 321 288 26

266 413 302 477 de
325 417 397 478 viris
419 415 541 501 regibus
570 427 707 500 ponatur,
738 428 773 478 ut
804 415 840 479 de
870 420 1001 503 corporis
1032 417 1231 483 imbecillitate
1253 420 1337 484 nullo
1444 394 1450 505 Ξ

267 514 363 580 modo*
379 518 502 603 cogitari
524 521 627 602 possit,
652 517 735 581 'velut
756 521 780 581 si
803 521 834 581 in
856 511 932 603 lph.
946 522 979 583 A.
996 542 1025 588 v.
1042 518 1105 584 936
1128 525 1191 608 ipse
1207 521 1336 586 Achilles
1437 514 1451 597 ¹]

266 617 302 680 de
324 640 356 682 se
378 617 456 682 dicat
485 614 610 702 τούμὸν
637 619 747 703 δέμας,
780 618 813 683 cl.
837 620 906 684 lice,
929 619 1009 705 724:
1041 623 1140 686 τοῦδε
1168 621 1336 689 δεσπότου
1444 608 1450 645 ³

161 738 163 743 ’
266 721 293 785 d.
314 715 567 804 Ἀγαμέμνονος.
606 721 694 787 liach.
717 718 794 788 953:
826 719 1001 788 ἐλάταισιν
1023 719 1147 806 δ’ἐμὸν
1168 722 1285 813 κρίψω
1310 725 1337 789 d.
1448 748 1452 781 ι

265 821 414 908 (loquitur
436 820 472 883 de
493 833 585 885 semet
609 826 673 908 ipso
697 822 873 903 Pentheus.)
897 823 958 890 Hel.
978 822 1074 891 1092:
1098 825 1160 890 cdv
1182 823 1338 902 (Menelai)
1445 826 1453 901 j

266 925 413 1011 ἐκσῷσαι
437 924 465 987 d.
511 923 577 1007 lph.
602 923 637 989 T.
663 924 733 992 106.
758 925 827 991 114.
852 923 923 991 119.
970 925 1096 989 Videtur
1118 929 1211 1012 igitur
1232 929 1338 989 sensim
1448 922 1450 931 ’

265 1024 303 1087 ad
331 1027 426 1088 omnis
456 1023 638 1088 condicionis
665 1049 807 1111 personas
842 1027 932 1091 huius
964 1028 1144 1091 substantivi
1172 1050 1244 1091 usus
1270 1049 1338 1113 per·

265 1149 405 1192 manasse.
451 1127 510 1192 Sed
533 1127 605 1191 haec
627 1129 747 1205 leviora,
776 1128 849 1192 illud
873 1135 944 1191 iero
972 1129 1066 1192 multo
1094 1131 1226 1215 gravius,
1257 1127 1337 1214 quod

142 1268 145 1274 ·
263 1239 417 1315 tantopere
440 1252 456 1291 a
479 1232 549 1293 trita
572 1232 621 1292 via
645 1233 794 1294 aberravit
809 1228 977 1314 Euripides,
1000 1241 1034 1292 ut
1050 1230 1096 1292 vel
1112 1229 1148 1293 de
1165 1230 1340 1295 animalibus

264 1331 365 1395 eodem
389 1332 656 1395 circumlocutionis
672 1354 779 1418 genere
802 1331 949 1417 loquatur.
980 1330 1044 1397 Hel.
1064 1326 1148 1395 1562
1165 1335 1242 1396 enirn
1260 1331 1338 1401 crari-

263 1457 352 1520 ρειον
379 1435 406 1498 d.
436 1436 561 1519 scripsit,
594 1433 729 1520 idemque
759 1455 849 1497 ausus
879 1445 922 1497 cst
950 1434 1038 1500 bach.
1061 1433 1139 1509 7443
1167 1434 1242 1497 adde
1270 1437 1332 1500 lon.

265 1535 359 1604 1203:
394 1530 555 1624 εὔπτερον
578 1538 606 1603 d.
630 1537 666 1600 dc
693 1536 844 1613 columba3
871 1535 927 1622 irg.
951 1537 1074 1623 Sisyph.
1097 1537 1120 1600 l.
1143 1559 1172 1603 v.
1198 1536 1258 1601 33:
1302 1536 1341 1602 cd

262 1636 289 1704 τ’
315 1635 513 1726 ἀστερωπὸν
536 1634 677 1725 οὐρανοῦ
701 1638 728 1704 d.
745 1663 786 1686 -·-
804 1638 846 1702 De
863 1660 934 1702 voce
957 1644 1068 1723 σχῆμα
1090 1638 1167 1718 (Alc.
1184 1637 1264 1701 911:
1285 1661 1337 1719 σχ,
1440 1624 1447 1701 J

263 1738 381 1823 δόμων.
407 1738 498 1804 Andr.
523 1739 558 1801 1:
576 1735 770 1812 Ἀσιατίδος
792 1746 846 1826 γῆς
871 1760 922 1818 σχ,
947 1740 1014 1809 Hec.
1038 1739 1115 1805 619:
1149 1763 1199 1822 σχ.
1224 1742 1336 1818 οἴκων)
1443 1794 1447 1807 .

264 1842 331 1905 vide
353 1863 427 1928 quae
449 1844 556 1904 eximia
580 1845 738 1928 sagacitate
761 1841 863 1905 docuit
886 1841 1008 1928 Ptugk,
1041 1843 1077 1907 ad
1111 1843 1181 1908 Hcc.
1216 1843 1233 1908 l.
1269 1842 1337 1903 l.-

262 1950 371 2034 χρῆμα
398 1956 504 2020 autem,
535 1943 616 2029 quod
646 1943 735 2009 semel
766 1942 845 2027 apud
870 1944 1044 2028 Sophoclem
1072 1945 1109 2009 de
1132 1966 1204 2031 apro
1228 1944 1335 2029 legitur
1490 1982 1493 1993 ·

125 2074 127 2077 ·
262 2045 331 2132 [lrg.
356 2046 495 2131 Meleagr.
520 2046 547 2108 l:
572 2046 650 2118 συὸς
672 2049 828 2128 μέγιστον
851 2071 899 2133 χρ.
923 2044 957 2112 cf.
974 2046 1116 2112 Herodot.
1134 2045 1156 2112 l.
1179 2045 1234 2125 36]
1256 2044 1336 2131 apud
1441 2038 1447 2111 s

262 2149 434 2235 Euripidem
458 2149 493 2211 de
516 2150 576 2210 vita
599 2147 708 2233 legitur
729 2146 790 2235 [χρ.
813 2152 872 2214 τοῦ
895 2152 980 2231 βίον.
1005 2148 1108 2235 Suppl.
1128 2145 1220 2234 953];
1244 2168 1338 2231 neque

261 2275 323 2315 non
352 2251 388 2314 de
416 2253 552 2334 personis
580 2257 773 2334 usurpatur.'
799 2249 892 2315 Andr.
917 2251 992 2314 181:
1036 2276 1084 2337 χρ.
1108 2252 1259 2335 θηλειῶν.
1282 2247 1336 2320 cl,
1443 2300 1446 2306 Α

262 2356 374 2419 Phoen.
398 2350 473 2428 1983
496 2354 600 2414 tertius
623 2353 674 2436 qui
697 2363 812 2436 poterat
834 2350 931 2414 afferri
954 2353 1036 2417 locus
1058 2351 1152 2417 Andr.
1168 2348 1247 2414 728:
1280 2374 1329 2438 χρ.

261 2458 456 2544 πρεσβυτῶν
478 2475 557 2515 nunc
578 2452 695 2538 quidem
719 2452 880 2516 secundum
908 2452 1061 2516 meliorum
1089 2450 1232 2516 librorum
1261 2471 1329 2513 auc·
1434 2460 1443 2479 ’“

261 2561 409 2620 toritatem
443 2553 615 2619 emendatus
647 2566 698 2620 cst.
745 2553 805 2619 Cir.
834 2555 953 2641 Pflugl.
990 2554 1027 2619 ad
1055 2553 1148 2620 Andr.
1186 2551 1244 2617 181
1279 2554 1328 2638 qui
1440 2618 1443 2627 ,

262 2662 384 2735 monuit,
420 2658 495 2720 hanc
526 2655 712 2742 periphrasin
740 2658 769 2718 in
803 2657 912 2720 deliciis
946 2678 1008 2720 esse
1040 2656 1261 2732 recentioribus,
1296 2666 1330 2716 ut
1439 2696 1443 2713 ,

261 2763 351 2828 Dioni
373 2760 597 2845 Chrysostomo,
621 2759 753 2834 Aristidi,
771 2758 905 2842 Syncsio.
946 2757 1004 2822 Cir.
1029 2756 1182 2842 Aristopb.
1207 2758 1330 2841 Lysistr.
1440 2808 1444 2831 ,

261 2865 311 2930 83.
344 2865 421 2930 Nub.
444 2861 473 2926 2.
502 2861 579 2925 Xen.
604 2857 673 2946 (lyr.
697 2859 725 2923 2.
743 2860 770 2922 1.
786 2855 820 2922 5:
844 2859 1077 2945 σφενδονητῶν
1099 2857 1262 2940 παμπολύ
1277 2881 1328 2945 χρ.
1440 2858 1445 2867 ’

262 3006 300 3015 -ψ
317 2966 467 3050 imprimis
483 2974 579 3025 autem
596 2964 683 3025 exiis
700 2958 1019 3035 circumlocutionibus,
1043 2979 1118 3044 quae
1141 2960 1326 3034 substantiv1·3
1438 3018 1443 3051 r

261 3066 347 3156 κάρα
370 3062 546 3138 efficiuntur,
577 3062 704 3148 intellegi
728 3074 834 3147 potest,
861 3073 970 3148 quanta
999 3082 1064 3124 cum
1093 3059 1210 3122 levitate
1238 3061 1329 3120 inter·
1437 3124 1440 3135 ,

262 3168 332 3231 dum
362 3163 520 3250 Euripides
542 3163 614 3225 fines
636 3186 695 3225 usu
718 3166 894 3226 constitutos
922 3163 1101 3248 migraverit.
1140 3161 1213 3226 Nam
1236 3184 1328 3247 quum

261 3292 300 3332 ex
338 3266 480 3353 Aeschyli
516 3264 734 3350 Sophoclisquc
784 3263 897 3327 dicendi
943 3286 1050 3350 genere
1086 3266 1157 3328 satis
1206 3276 1327 3342 constet,
1436 3260 1443 3331 i

261 3373 369 3433 amoris
399 3366 641 3453 verecundusque
661 3367 778 3453 pietatis
800 3365 1044 3456 significationem
1073 3369 1141 3429 huic
1163 3365 1329 3452 periphrasi
1440 3356 1443 3365 ¹

201 3543 206 3549 ,
262 3471 420 3535 subiectam
456 3491 528 3544 esse,
565 3490 716 3555 quumque
749 3467 795 3530 vel
828 3471 890 3555 ipse
921 3468 1079 3555 Euripides
1111 3490 1257 3554 ‘persaepe
1289 3472 1328 3533 ita
1436 3482 1441 3549 ξ

261 3572 380 3638 locutus
403 3575 440 3634 sit
463 3567 718 3649 (01:234291:
742 3564 767 3634 oi
790 3576 987 3655 κασίγνητον
996 3589 1027 3635 κ.
1052 3569 1111 3637 ibd.
1127 3568 1204 3634 476:
1226 3570 1329 3656 Ζηνὸς
1432 3558 1442 3627 l

262 3671 462 3763 ὁμόλεκτρσν
483 3699 509 3739 κ.
533 3670 566 3736 cf.
591 3671 678 3736 Bach.
704 3670 795 3737 1312.
817 3670 863 3736 El.
888 3668 979 3737 1195.
1004 3671 1117 3736 lleracl.
1139 3669 1211 3738 510.
1238 3670 1328 3756 llipp.
1431 3664 1442 3809 1

260 3771 470 3841 10511238.
504 3774 565 3837 lon.
591 3769 683 3838 1476.
715 3771 765 3838 Or.
790 3771 861 3840 682.
894 3771 1328 3860 Phoen.612.suppt.162‚
1435 3814 1438 3821 -

261 3877 332 3942 Tro.
356 3873 443 3952 661.)
467 3877 507 3937 ita
534 3886 630 3936 temen
659 3897 673 3936 a
703 3885 795 3936 semet
821 3876 885 3958 ipso
912 3873 1042 3952 descivit,
1070 3888 1104 3940 ut
1132 3890 1161 3939 ct
1182 3877 1219 3939 dc
1243 3897 1329 3940 servo
1432 3802 1444 3963 l

261 3979 382 4042 eandem
404 3974 591 4062 periphrasin
615 3974 753 4039 adhibeat
774 3975 842 4055 (Or.
866 3973 964 4042 1380:
986 3982 1021 4041 τί
1034 3973 1330 4061 ὃ)ἔστιν,(Ελε’νρς

261 4075 433 4165 πρόςπσλζ
452 4075 582 4143 Ἰδαῖον
603 4084 646 4157 κ.)
675 4100 728 4141 nec
750 4077 899 4143 dubitaret
925 4081 1106 4163 coniungere
1129 4073 1274 4144 ,ἀνόσιον
1303 4103 1330 4141 κ.

261 4177 345 4242 Herc.
367 4178 386 4244 s.
409 4177 482 4244 255.
510 4178 592 4266 Cycl.
608 4178 692 4267 7138.
728 4178 778 4247 Or.
801 4179 873 4244 l181.
897 4176 922 4245 oi
948 4181 1049 4245 nenda
1070 4204 1097 4245 κ.
1141 4177 1231 4265 Hipp.
1247 4174 1329 4243 661.

1433 3968 1440 4175 t

1431 4178 1440 4505 i

1421 4562 1454 4826 ,
