3062 4834
198 455 264 522 κτλ.
288 450 338 518 cfr.
358 448 448 518 1082.
471 447 530 515 ibd.
554 445 652 512 1335:
676 442 701 512 oi
728 452 832 532 χαῖρε,
856 440 960 517 πόλις,
984 448 1118 529 χαίρετε
1140 435 1273 527 δ’όμείς

199 540 318 631 πολι,
362 553 543 625 nattum.
590 548 657 615 ‘uu
700 542 791 616 1253.
853 544 964 608 uuae.
1005 541 1083 608 aar:
1145 532 1275 609 αισα

199 656 359 722 ἔκλαυσα.
405 652 470 739 tph.
494 653 530 719 T.
553 648 632 716 367:
660 646 821 734 ίιμνοῑισιν
852 640 1066 728 ίιμεναίοισιν.
1111 645 1276 732 Aliquoties

206 769 291 844 poeta
308 757 345 821 de
359 753 577 820 necessitudine
592 751 721 838 quadam
738 747 933 834 etymologica
947 745 1066 811 videtur
1087 749 1278 833 cogitavisse3

203 860 254 927 Or.
278 856 376 923 1635:
404 855 506 943 Ζηνὸς
528 856 590 939 γάρ
614 847 721 919 οὖσαν
744 855 798 936 ζίγν
820 872 871 914 νιν
893 843 1044 934 ἄφθιτον
1065 849 1180 936 χρεών.
1206 849 1277 917 Hec.

203 961 280 1027 649:
307 960 365 1024 τὸν
388 951 505 1045 εᾶροον
528 950 695 1039 Εῧραίταν.
733 950 846 1018 Phoco.
869 949 966 1014 1131:
988 953 1081 1032 γίγας
1103 947 1154 1016 ἐπ’
1179 946 1280 1036 ἄμαις

200 1058 341 1149 γηγενής.
384 1056 437 1124 clr.
464 1056 524 1122 ibd.
553 1052 615 1122 128
656 1056 773 1120 Eximia
805 1063 849 1118 est
875 1054 1021 1117 suavitate
1058 1052 1139 1118 locus
1167 1051 1278 1121 Phoen.

205 1156 271 1227 535
293 1181 391 1247 sequ:

406 1268 495 1328 κεῖνο
518 1260 666 1338 κάλλιον,
689 1261 804 1324 τέκνον

248 1362 388 1450 ἰσότητα
410 1367 525 1447 τιμᾶν,
546 1361 566 1448 ἢ
590 1363 707 1449 φίλους
730 1355 783 1424 dee
806 1361 916 1445 φίλους

223 1517 226 1523 .
249 1462 364 1538 πόλεις
385 1488 422 1529 τε
444 1460 565 1529 πόλεσι
588 1459 782 1546 συμμάχους
803 1483 840 1525 τε
862 1459 1049 1545 συμμάχοις

249 1566 367 1633 συνδεῖ
385 1566 452 1631 κτλ.

207 1690 266 1756 quo
290 1668 354 1731 loco
376 1689 416 1730 ex
432 1665 553 1729 dimidia
571 1676 653 1750 parte
667 1666 723 1728 iam
741 1684 864 1748 prorsus
887 1664 1049 1729 eorundem
1064 1664 1281 1730 vocabulorum

207 1771 442 1835 allitterationem
450 1767 565 1859 Trabes.
588 1766 674 1832 Adde
686 1764 738 1831 Or.
753 1764 831 1829 742:
857 1761 916 1832 οὐκ
930 1766 1065 1847 ἐκεῖνος,
1089 1762 1160 1832 ἄλλ’
1176 1767 1282 1853 ἐκείνη

205 1880 314 1938 κεῖνον
346 1868 466 1937 ἐνθάδ’
506 1863 634 1955 ἤγαγεν.
680 1866 743 1933 lbd.
779 1863 877 1932 1587:
915 1863 932 1933 ὃ
965 1868 1192 1958 μητροφόντης
1224 1869 1282 1937 ἐπὶ

207 1970 300 2063 φόνῳ
325 1969 475 2059 πράσσει
498 1968 612 2059 φόνον.
655 1969 721 2035 lbd.
750 1967 829 2036 2772
857 1966 974 2053 πνεῦμ’
1005 1967 1094 2045 ἄνελς
1121 1972 1156 2039 ἐκ
1185 1996 1283 2057 πνου-

206 2073 326 2157 μόναν.
385 2071 449 2139 lbd.
489 2069 582 2150 1579,
634 2072 745 2138 Phoen.
783 2070 840 2134 82:
885 2067 1120 2147 (ίιιτόσπονδον
1153 2074 1283 2157 μολεῖν)

208 2175 332 2240 ἔπεισα
355 2176 454 2239 παιδὶ
476 2175 595 2241 παῖδα.
641 2175 727 2241 Bach.
750 2171 822 2242 905.
840 2171 912 2240 971,
935 2173 981 2238 ΕΙ.
994 2172 1086 2241 1009.
1111 2172 1284 2258 Hettc103,

209 2273 321 2340 Heracl.
344 2274 395 2341 26.
431 2275 482 2340 Or.
510 2272 585 2344 638.
616 2274 709 2341 1174.
753 2275 814 2341 Nec
842 2297 909 2339 rara
938 2287 983 2339 est
1004 2275 1164 2340 cumulatio
1188 2275 1284 2342 adiee-

206 2380 338 2442 tivoeum
361 2400 427 2442 cum
450 2384 473 2443 α
493 2381 643 2464 privativo
666 2381 907 2464 compositorum.
952 2377 1015 2464 tph.
1039 2378 1076 2447 Τ.
1099 2375 1176 2444 220:
1202 2372 1284 2460 ἄγα·

212 2503 271 2562 μος
294 2475 429 2553 ἄτεκνος
451 2476 571 2554 ἄπολις
595 2474 724 2566 ἄφιλος.
755 2479 805 2547 Or.
828 2480 908 2550 310:
931 2478 1120 2568 ἀνάδελφος
1142 2475 1284 2569 άπάτωρ

209 2574 339 2666 ἄφιλος.
383 2578 444 2647 Cir.
468 2580 562 2666 Soph.
585 2584 688 2668 Autig.
715 2579 793 2645 843:
828 2579 991 2655 ἄκλαυτος
1017 2575 1138 2668 ἄφιλος
1165 2577 1284 2664 ἄνυμέ·

209 2702 313 2754 ναιος.
358 2679 424 2767 tph.
453 2681 492 2746 T.
518 2680 597 2744 694:
641 2683 704 2764 ἐγώ
732 2684 768 2748 di·
797 2684 942 2769 δυσσεβῆ
969 2691 1024 2748 καὶ
1052 2683 1215 2769 δυστυχοῖ.
1244 2719 1284 2731 --

208 2776 363 2846 interdum
397 2794 494 2847 autem
528 2786 589 2848 uo'n
624 2787 773 2870 acquievit
805 2796 891 2870 pocta
933 2787 965 2846 in
1007 2783 1064 2847 hoc
1106 2782 1285 2870 simpliciore

208 2881 423 2949 allitterationis
451 2907 568 2970 genere,
599 2886 651 2950 sed
684 2886 821 2973 adsurgit
848 2887 942 2950 oratio
970 2883 1008 2948 ad
1036 2887 1114 2950 iusta
1136 2880 1285 2970 ὁμοιοτέ-

208 2984 321 3064 λευτυ,
345 3007 421 3073 quae
443 2989 505 3052 suis
533 2988 604 3053 locis
631 2988 668 3053 ab
691 2987 835 3074 Euripide
861 3011 921 3051 non
950 2988 1046 3052 solum
1069 2987 1205 3062 admissa,
1232 2985 1285 3051 sed

210 3089 295 3151 etiarn
317 3088 355 3153 de
378 3089 524 3155 industria
547 3094 678 3178 quaesita
701 3102 779 3155 suut.
825 3090 876 3156 Or.
903 3087 1000 3153 1128:

294 3200 349 3256 καὶ
371 3191 488 3275 τόνγε
509 3195 553 3278 μὴ
576 3189 705 3274 σιγῶντ’
731 3190 943 3258 ἀποκτείνειν
963 3190 1077 3281 χρεών.

299 3287 379 3373 Pyt:
413 3291 470 3358 εἶτ’
494 3291 579 3360 αὐτὸ
602 3295 698 3382 δηλοῖ
716 3288 855 3380 τοῦργον
877 3293 909 3360 ολ
931 3298 1051 3358 τείνειν
1065 3288 1184 3380 χρεόν,

210 3388 267 3451 nisi
287 3386 363 3454 lortc
378 3389 436 3456 hoc
458 3393 578 3459 librario
601 3399 674 3460 vitio
697 3408 741 3461 est
763 3396 904 3461 dandum.
949 3392 1017 3480 tph.
1040 3396 1075 3460 A.
1100 3390 1199 3457 1327:

293 3499 383 3558 τοῖσι
406 3494 441 3559 δὲ
464 3493 589 3574 λύτταν,
612 3504 701 3564 τοῖσι
724 3495 909 3580 δ’ἄνάγκαν

292 3600 362 3668 τοῖς
383 3591 577 3686 δ’ἐξορμάν,
598 3604 668 3672 τοῖς
691 3601 727 3664 δὲ
750 3600 900 3665 στέλλειν

293 3703 382 3760 τοῖσι
405 3699 441 3763 δὲ
463 3700 604 3782 μέλλειν.
648 3698 709 3768 Cir.
733 3700 786 3765 Hel
810 3699 881 3767 198.
904 3737 946 3750 -

209 3795 311 3881 Longe
334 3808 431 3863 tamen
455 3797 641 3886 frequentius
668 3815 712 3868 est
735 3802 809 3867 illud
831 3804 1071 3868 allitterationum
1094 3822 1200 3888 genus,
1224 3821 1285 3888 quo

142 3964 144 3967 ,
207 3902 331 3965 verbum
361 3898 482 3986 aliquod
517 3903 647 3970 eiusdem
681 3904 791 3970 radicis
820 3904 1040 3969 substantivum
1073 3907 1128 3969 sibi
1156 3903 1287 3969 adsumit

206 4014 314 4088 quarto
330 4023 399 4067 casu
421 4008 525 4089 (quam
541 4006 636 4092 vulgo
652 4006 777 4092 liguram
794 4006 1020 4094 etymologicam
1037 4007 1165 4085 dicunt).
1189 4005 1285 4074 Cuius

207 4102 244 4167 de
266 4126 324 4169 usu
346 4104 511 4193 Euripiden
531 4107 717 4176 Schirlitzius
740 4108 793 4190 (de
814 4112 959 4174 sermonis
980 4112 1087 4197 tragici
1110 4132 1164 4198 per
1179 4109 1283 4199 Eurip.

208 4206 403 4293 incrementis.
438 4208 519 4275 Halia
542 4211 615 4278 Sax.
651 4208 745 4294 1863,
774 4233 823 4299 pg.
848 4213 919 4291 13):
968 4213 1052 4290 „Etsi
1076 4216 1153 4276 euim
1175 4225 1283 4299 aperte,
