3062 4834
453 128 463 176 =
480 144 515 182 ‘⁹⁸
587 169 597 187 ⁴
618 144 642 189 0⁸·
671 142 681 190 ²
698 137 743 195 5:
759 157 806 204 ὀ..

391 250 401 266 ο
429 250 439 267 0
826 241 836 258 ⁰

273 237 322 312 28
377 277 406 322 ,σο
430 252 504 326 220⁸:
518 251 683 324 2·::·⁹··:::
725 262 735 312 Ξ
760 269 785 319 0⁹·
811 251 820 270 .
850 287 859 304 ο

369 309 439 359 ...Ν
453 312 476 355 :⁸
494 311 557 366 :0⁸⁶³
571 331 581 350 ⁹
600 337 609 354 ⁸
647 320 682 371 :⁸
709 327 798 381 0²0...-
811 321 859 382 ἀι.

273 428 381 518 εὐειδῆ
403 431 507 520 φύσιν
529 434 604 512 (vid.
628 447 726 502 annot.
749 435 885 522 Plluglr.)
915 472 953 485 -
991 436 1056 501 lon.
1078 433 1156 501 204:
1188 434 1252 499 ταν
1273 438 1342 522 πῖιρ

272 538 445 601 πνέουσαν
468 534 592 624 ἐναίρει
614 534 826 623 τρισώματον
848 532 963 603 ἀλκάν.
1008 535 1059 602 cfr.
1082 535 1163 601 Rhes
1199 534 1271 604 708.
1299 571 1343 583 --

274 634 346 699 Tro.
369 629 425 699 58:
448 634 530 723 πρδς
553 637 615 722 σην
637 633 782 723 ἀφῖγμαι
805 635 955 721 δύναμιν.
1000 638 1089 704 Rhes.
1112 636 1189 701 821:
1233 631 1344 703 ιἰπο-

273 737 408 815 λιοῦχον
434 733 561 825 κράτος.
606 738 693 822 Quod
730 759 801 801 vero
831 736 1050 824 frequentatum
1078 752 1120 803 est
1148 738 1184 803 ab
1213 739 1343 802 Homero

274 848 302 900 ct
333 837 482 925 Aeschylo
515 843 546 902 in
578 834 837 927 circumloquendo
871 845 1089 907 substantivum
1122 848 1188 927 βία,
1222 840 1253 904 id
1285 842 1343 903 nisi

274 939 362 1003 semel
385 939 512 1016 (Phoen.
535 939 595 1004 56:
616 941 743 1027 κλεινήν
764 965 800 1006 τε
823 944 1041 1016 Πολυνείκους
1063 949 1140 1028 βίαν
1162 942 1211 1009 clr.
1226 942 1342 1020 Klotz.)

274 1040 354 1128 apud
375 1041 548 1129 Euripidem
570 1065 631 1106 non
653 1045 807 1130 reperitur.
833 1084 870 1092 --
910 1045 1072 1124 Accedunt,
1095 1067 1170 1131 quae
1192 1046 1263 1109 locis
1284 1047 1343 1109 eir·

274 1142 503 1208 cumscribendis
526 1148 691 1208 inserviunt
714 1145 858 1208 vocabula
880 1144 1013 1234 βοίθρον
1048 1147 1123 1232 [Hel.
1149 1144 1245 1212 1652:
1267 1147 1344 1213 ἐπεὶ

275 1246 311 1311 δὲ
344 1245 466 1331 Τροίας
494 1243 701 1329 ἐξανεστάθη
734 1244 858 1333 βάθρα.
905 1245 968 1331 lph.
1002 1250 1038 1314 A.
1072 1247 1122 1312 81.
1149 1246 1221 1316 705.
1251 1246 1343 1313 1263.

273 1344 386 1409 Phoen.
409 1343 481 1410 989.
506 1345 612 1432 Suppl.
629 1345 725 1432 1198]
748 1348 853 1413 πέδον
874 1347 981 1433 [Andr.
999 1350 1052 1412 ll:
1075 1350 1149 1415 ἐπεὶ
1164 1351 1202 1415 τὸ
1222 1351 1345 1437 Τροίας

274 1445 364 1511 εἶλον
377 1443 535 1532 ’Έλληνες
555 1448 669 1514 πέδον.
693 1448 753 1512 ibd.
775 1445 826 1517 58.
850 1448 913 1517 Hel.
927 1446 978 1516 57.
1002 1449 1065 1537 83.]
1087 1451 1195 1536 quibus
1213 1450 1345 1536 adiungo

274 1547 387 1612 Phoen.
410 1546 486 1610 911:
509 1542 610 1614 δι’κουε
633 1549 672 1635 δη
694 1575 753 1617 νυν
775 1549 962 1637 θεσφάτων
984 1553 1074 1637 ἐμῶν
1097 1551 1185 1619 ὁδόν.
1230 1553 1344 1620 Heracl.

274 1644 346 1716 237.
362 1687 404 1699 -
427 1649 517 1717 Thes.
540 1649 596 1735 hg.
619 1650 650 1719 4.
668 1691 704 1700 -
728 1651 777 1718 Or.
796 1650 893 1715 1242:
916 1659 1013 1740 Δίκης
1035 1657 1142 1740 σέβας.
1167 1653 1248 1741 Cycl.
1264 1651 1343 1721 580:

275 1749 443 1836 δαιμόνων
464 1748 566 1833 ἁγνὸν
589 1756 698 1837 σέβας.
722 1750 873 1818 Hel.865:
897 1757 1049 1842 φέρουσα
1071 1756 1274 1845 λαμπτῆρσιν
1289 1760 1344 1823 σέ-

275 1856 343 1927 λας.
368 1894 408 1903 —-
431 1854 566 1938 Denique
588 1859 795 1941 exquisitiores
818 1854 961 1943 quasdam
988 1858 1263 1921 circumlocutiones
1291 1858 1344 1922 ad-

275 1954 385 2020 scribo:
407 1954 497 2044 Hipp.
520 1956 597 2022 794:
619 1965 691 2042 μῶν
706 1960 859 2031 Πιτθέως
881 1982 913 2020 τι
935 1961 1033 2044 γῆρας
1056 1961 1228 2049 εἴργασται
1249 1963 1344 2039 vica,-

276 2057 387 2123 Phoen.
423 2056 500 2122 489:
559 2062 759 2148 προςφέρειν
798 2057 956 2148 πύργοισι
999 2063 1132 2145 πηκτῶν
1178 2059 1345 2143 κλιμάκων

275 2157 531 2248 προςαμβοὶσεις.
574 2159 662 2246 Hipp.
686 2157 764 2222 646·
814 2153 974 2245 ἄφθογγα
997 2156 1151 2233 δἀὗταῖς
1173 2181 1344 2242 συγκατοι-

276 2263 374 2340 uttam
397 2259 478 2385 δακη
499 2266 633 2388 θηρῶν.
654 2261 767 2328 Phoen.
792 2260 889 2330 1064
913 2262 1089 2343 Καδμείαν
1109 2265 1271 2350 μέριμναν
1292 2257 1345 2351 bp-

274 2357 473 2449 μησαδδιθ
439 2365 636 2486 περ’γον(
623 2362 803 2441 (01.Αιεο11.
827 2362 934 2447 Suppl
950 2359 1165 2451 56.··1ηρε·ιιις
1181 2361 1347 2457 μητιδος);

276 2461 351 2527 adde
373 2465 506 2554 οἶστρος
527 2460 615 2537 Ἰοῦς
641 2464 705 2553 lph.
737 2464 773 2528 T.
795 2462 868 2540 394,
897 2464 978 2549 quod
1004 2476 1102 2527 tamen
1131 2466 1275 2529 incertum
1303 2477 1348 2529 est

276 2576 401 2653 propter
422 2565 527 2630 malam
551 2565 695 2631 librorum
719 2565 929 2632 condicionem.
974 2564 1036 2632 Sed
1057 2565 1129 2630 haec
1151 2566 1303 2632 hactenus.

363 2670 441 2737 Satis
464 2669 551 2744 enim,
573 2679 635 2732 tota
658 2667 694 2732 de
716 2668 821 2755 figuris
844 2667 999 2731 rhetoricis
1027 2670 1199 2754 quaestione
1226 2670 1284 2732 iarn
1310 2668 1348 2731 ad

276 2770 364 2837 finem
388 2769 540 2858 perducta,
563 2770 635 2834 mihi
657 2770 761 2834 videor
782 2770 934 2858 probasse,
948 2791 1035 2855 quam
1057 2780 1134 2833 recte
1156 2790 1248 2857 supra
1269 2768 1347 2834 iudi·
1386 2834 1396 2853 ἦ

278 2875 414 2949 caverim,
439 2894 514 2960 quae
539 2885 712 2937 ornamenta
742 2871 822 2959 apud
845 2871 1022 2959 Sophoclem
1052 2870 1251 2951 incredibilem
1281 2892 1348 2934 ora-

277 2977 351 3039 tioni
374 2987 403 3038 et
423 2977 599 3061 gravitatem
622 2974 732 3039 addant
754 2987 783 3038 et
805 2985 999 3050 venustatem,
1022 2972 1123 3037 eadem
1146 2971 1183 3035 ab
1205 2972 1348 3058 Euripide

276 3078 399 3166 propria
420 3097 474 3140 sua
495 3079 526 3139 vi
548 3077 738 3162 usqueadeo
761 3098 824 3140 esse
846 3078 970 3162 privata,
998 3087 1039 3161 ut
1052 3095 1157 3161 parum
1185 3073 1283 3137 absint
1311 3080 1348 3139 ab

278 3181 359 3244 inani
389 3176 550 3243 verborum
578 3180 686 3243 sonitu.
732 3178 829 3262 Quare
857 3199 918 3241 non
944 3198 1065 3263 possum
1092 3178 1225 3239 assentiri
1256 3177 1348 3241 Bern-

278 3279 403 3367 hardyo‚
438 3282 490 3367 qui
523 3288 584 3367 (ap.
605 3278 708 3345 Erseh.
732 3293 762 3342 et
783 3279 876 3346 Grub.
910 3277 934 3342 l.
968 3275 1010 3340 39
1042 3299 1093 3365 pg.
1122 3274 1202 3358 135)
1236 3280 1348 3354 statuit,

279 3382 342 3446 lieri
363 3403 424 3446 non
447 3404 544 3470 posse,
568 3385 641 3469 quin
663 3403 696 3446 re
717 3392 854 3447 accurate
874 3401 1019 3468 perpensa
1043 3392 1191 3469 appareat,
1219 3402 1281 3443 non
1303 3382 1349 3443 io-

279 3482 403 3570 lregisse
435 3484 609 3573 Euripidem
645 3487 716 3550 artis
755 3485 883 3570 tragicae
920 3485 1107 3549 maiestatem.
1163 3481 1348 3568 Quamquam

281 3587 358 3650 enim
380 3587 481 3652 multis
502 3588 533 3651 in
555 3587 645 3652 rebus
667 3609 728 3651 non
750 3585 861 3651 recedit
888 3585 925 3650 ab
952 3584 1116 3650 admirabili
1139 3581 1298 3670 Sophoclis
1321 3594 1350 3646 et

280 3686 422 3774 Aeschyli
454 3691 606 3776 sapientia,
644 3710 823 3776 quamquam
862 3693 967 3776 paucis
999 3687 1067 3751 illos
1100 3685 1148 3749 vel
1179 3695 1348 3772 exsuperat,

279 3801 379 3855 tamen
407 3793 459 3877 qui
485 3792 601 3878 primus
629 3793 773 3854 sermonis
805 3792 910 3876 tragici
938 3800 1110 3854 ornamenta
1142 3790 1205 3851 sinc
1236 3784 1350 3851 iudicio

281 3892 422 3958 adhibere
449 3895 553 3979 coepit,
581 3895 606 3956 is
634 3894 737 3957 merito
766 3891 876 3957 dicitur
902 3890 1011 3955 vulnus
1041 3893 1098 3956 arti
1133 3890 1276 3954 inflixisse
1302 3891 1349 3951 in-

282 3995 422 4063 sanabile.

713 4249 917 4265 ——1--1
